@article{Riess1998,
  author = {{Riess}, A.~G. and {Filippenko}, A.~V. and {Challis}, P. and {Clocchiatti}, A. and {Diercks}, A. and {Garnavich}, P.~M. and {Gilliland}, R.~L. and {Hogan}, C.~J. and {Jha}, S. and {Kirshner}, R.~P. and {Leibundgut}, B. and {Phillips}, M.~M. and {Reiss}, D. and {Schmidt}, B.~P. and {Schommer}, R.~A. and {Smith}, R.~C. and {Spyromilio}, J. and {Stubbs}, C. and {Suntzeff}, N.~B. and {Tonry}, J.},
  title = "{Observational Evidence from Supernovae for an Accelerating Universe and a Cosmological Constant}",
  journal = {\aj},
  year = 1998,
  month = sep,
  volume = {116},
  number = {3},
  pages = {1009-1038},
  doi = {10.1086/300499},
  adsurl = {https://ui.adsabs.harvard.edu/abs/1998AJ....116.1009R},
  adsnote = {Provided by the SAO/NASA Astrophysics Data System}
}

@article{Perlmutter1999,
  author = {{Perlmutter}, S. and {Aldering}, G. and {Goldhaber}, G. and {Knop}, R.~A. and {Nugent}, P. and {Castro}, P.~G. and {Deustua}, S. and {Fabbro}, S. and {Goobar}, A. and {Groom}, D.~E. and {Hook}, I.~M. and {Kim}, A.~G. and {Kim}, M.~Y. and {Lee}, J.~C. and {Nunes}, N.~J. and {Pain}, R. and {Pennypacker}, C.~R. and {Quimby}, R. and {Lidman}, C. and {Ellis}, R.~S. and {Irwin}, M. and {McMahon}, R.~G. and {Ruiz-Lapuente}, P. and {Walton}, N. and {Schaefer}, B. and {Boyle}, B.~J. and {Filippenko}, A.~V. and {Matheson}, T. and {Fruchter}, A.~S. and {Panagia}, N. and {Newberg}, H.~J.~M. and {Couch}, W.~J. and {The Supernova Cosmology Project}},
  title = "{Measurements of {$\Omega$} and {$\Lambda$} from 42 High-Redshift Supernovae}",
  journal = {\apj},
  year = 1999,
  month = jun,
  volume = {517},
  number = {2},
  pages = {565-586},
  doi = {10.1086/307221},
  adsurl = {https://ui.adsabs.harvard.edu/abs/1999ApJ...517..565P},
  adsnote = {Provided by the SAO/NASA Astrophysics Data System}
}

@article{Ivezic2019,
  author = {{Ivezi{\'c}}, {\v Z}. and {Kahn}, S.~M. and {Tyson}, J.~A. and {Abel}, B. and {Acosta}, E. and {Allsman}, R. and {Alonso}, D. and {AlSayyad}, Y. and {Anderson}, S.~F. and {Andrew}, J. and et al.},
  title = "{LSST: From Science Drivers to Reference Design and Anticipated Data Products}",
  journal = {\apj},
  year = 2019,
  month = mar,
  volume = {873},
  number = {2},
  eid = {111},
  pages = {111},
  doi = {10.3847/1538-4357/ab042c},
  adsurl = {https://ui.adsabs.harvard.edu/abs/2019ApJ...873..111I},
  adsnote = {Provided by the SAO/NASA Astrophysics Data System}
}

@article{ivezic2019lsst,
  title={LSST: from science drivers to reference design and anticipated data products},
  author={Ivezi{\'c}, {\v{Z}}eljko and Kahn, Steven M and Tyson, J Anthony and Abel, Bob and Acosta, Emily and Allsman, Robyn and Alonso, David and AlSayyad, Yusra and Anderson, Scott F and Andrew, John and others},
  journal={The Astrophysical Journal},
  volume={873},
  number={2},
  pages={111},
  year={2019},
  publisher={IOP Publishing}
}

@article{Scolnic2022,
  author = {{Scolnic}, D.~M. and {Brout}, D. and {Carr}, A. and {Riess}, A.~G. and {Davis}, T.~M. and {Dwomoh}, A. and {Jones}, D.~O. and {Ali}, N. and {Charvu}, P. and {Chen}, R. and {Peterson}, E.~R. and {Popovic}, B. and {Rose}, B.~M. and {Wood}, C.~M. and {Brown}, P.~J. and {Chambers}, K. and {Coulter}, D.~A. and {Dettman}, K.~G. and {Dimitriadis}, G. and {Filippenko}, A.~V. and {Foley}, R.~J. and {Jha}, S.~W. and {Kilpatrick}, C.~D. and {Kirshner}, R.~P. and {Pan}, Y.-C. and {Rest}, A. and {Rojas-Bravo}, C. and {Sako}, M. and {Siebert}, M.~R. and {Smith}, M. and {Stahl}, B.~E. and {Wiseman}, P.},
  title = "{The Pantheon+ Analysis: The Full Data Set and Light-curve Release}",
  journal = {\apj},
  year = 2022,
  month = oct,
  volume = {938},
  number = {2},
  eid = {113},
  pages = {113},
  doi = {10.3847/1538-4357/ac8b7a},
  adsurl = {https://ui.adsabs.harvard.edu/abs/2022ApJ...938..113S},
  adsnote = {Provided by the SAO/NASA Astrophysics Data System}
}

@article{Guy2005,
  author = {{Guy}, J. and {Astier}, P. and {Nobili}, S. and {Regnault}, N. and {Pain}, R.},
  title = "{SALT: a spectral adaptive light curve template for type Ia supernovae}",
  journal = {\aap},
  year = 2005,
  month = nov,
  volume = {443},
  number = {3},
  pages = {781-791},
  doi = {10.1051/0004-6361:20053025},
  adsurl = {https://ui.adsabs.harvard.edu/abs/2005A&A...443..781G},
  adsnote = {Provided by the SAO/NASA Astrophysics Data System}
}

@article{Guy2007,
  author = {{Guy}, J. and {Astier}, P. and {Baumont}, S. and {Hardin}, D. and {Pain}, R. and {Regnault}, N. and {Basa}, S. and {Carlberg}, R.~G. and {Conley}, A. and {Fabbro}, S. and {Fouchez}, D. and {Hook}, I.~M. and {Howell}, D.~A. and {Perrett}, K. and {Pritchet}, C.~J. and {Rich}, J. and {Sullivan}, M. and {Antilogus}, P. and {Aubourg}, E. and {Bazin}, G. and {Bronder}, J. and {Filiol}, M. and {Palanque-Delabrouille}, N. and {Ripoche}, P. and {Ruhlmann-Kleider}, V.},
  title = "{SALT2: using distant supernovae to improve the use of type Ia supernovae as distance indicators}",
  journal = {\aap},
  year = 2007,
  month = apr,
  volume = {466},
  number = {1},
  pages = {11-21},
  doi = {10.1051/0004-6361:20066930},
  adsurl = {https://ui.adsabs.harvard.edu/abs/2007A&A...466...11G},
  adsnote = {Provided by the SAO/NASA Astrophysics Data System}
}

@article{Kenworthy2021,
  author = {{Kenworthy}, W.~D. and {Jones}, D.~O. and {Dai}, M. and {Kessler}, R. and {Scolnic}, D. and {Brout}, D. and {Siebert}, M.~R. and {Pierel}, J.~D.~R. and {Dettman}, K.~G. and {Dimitriadis}, G. and {Foley}, R.~J. and {Jha}, S.~W. and {Pan}, Y.-C. and {Riess}, A. and {Rodney}, S. and {Rojas-Bravo}, C.},
  title = "{SALT3: An Improved Type Ia Supernova Model for Measuring Cosmic Distances}",
  journal = {\apj},
  year = 2021,
  month = dec,
  volume = {923},
  number = {2},
  eid = {265},
  pages = {265},
  doi = {10.3847/1538-4357/ac30d8},
  adsurl = {https://ui.adsabs.harvard.edu/abs/2021ApJ...923..265K},
  adsnote = {Provided by the SAO/NASA Astrophysics Data System}
}

@article{leeney2025jax,
  title={JAX-bandflux: differentiable supernovae SALT modelling for cosmological analysis on GPUs},
  author={Leeney, Samuel Alan Kossoff},
  journal={arXiv preprint arXiv:2504.08081},
  year={2025}
}

@article{Leeney2025,
  author = {{Leeney}, M. and {Ward}, S. and {Handley}, W.},
  title = "{JAX-bandflux: GPU-accelerated SALT models for cosmological analyses}",
  journal = {in prep.},
  year = 2025
}

@article{Skilling2004,
  author = {{Skilling}, J.},
  title = "{Nested Sampling}",
  journal = {AIP Conference Proceedings},
  year = 2004,
  volume = {735},
  pages = {395-405},
  doi = {10.1063/1.1835238}
}

@article{Skilling2006,
  author = {{Skilling}, J.},
  title = "{Nested sampling for general Bayesian computation}",
  journal = {Bayesian Analysis},
  year = 2006,
  volume = {1},
  number = {4},
  pages = {833-860},
  doi = {10.1214/06-BA127}
}

@article{do2025hawaii,
  title={Hawai 'i Supernova Flows: a peculiar velocity survey using over a Thousand Supernovae in the near-infrared},
  author={Do, Aaron and Shappee, Benjamin J and Tonry, John L and Tully, R Brent and de Jaeger, Thomas and Rubin, David and Ashall, Chris and Burns, Christopher R and Desai, Dhvanil D and Hinkle, Jason T and others},
  journal={Monthly Notices of the Royal Astronomical Society},
  volume={536},
  number={1},
  pages={624--663},
  year={2025},
  publisher={Oxford University Press}
}

@article{Do2024,
  author = {{Do}, T. and {Tucker}, M.~A. and {Tran}, A. and {Shappee}, B.~J. and {Payne}, A.~V. and {Villar}, V.~A. and {de Jaeger}, T. and {Rest}, A. and {Magnier}, E. and {Chambers}, K.},
  title = "{The Hawaii Supernova Flows: A Peculiar Velocity Survey Using Over a Thousand Supernovae in the Near-Infrared}",
  journal = {\apj},
  year = 2024,
  volume = {forthcoming},
  adsurl = {https://ui.adsabs.harvard.edu/abs/2024arXiv.xxxxx},
  adsnote = {Provided by the SAO/NASA Astrophysics Data System}
}

@article{Handley2019,
  author = {{Handley}, W.},
  title = "{anesthetic: nested sampling visualisation}",
  journal = {The Journal of Open Source Software},
  year = 2019,
  volume = {4},
  number = {37},
  pages = {1414},
  doi = {10.21105/joss.01414}
}

@article{Handley2015,
  author = {{Handley}, W.~J. and {Hobson}, M.~P. and {Lasenby}, A.~N.},
  title = "{POLYCHORD: next-generation nested sampling}",
  journal = {Monthly Notices of the Royal Astronomical Society},
  year = 2015,
  volume = {453},
  number = {4},
  pages = {4384--4398},
  doi = {10.1093/mnras/stv1911},
  archivePrefix = {arXiv},
  eprint = {1506.00171},
  primaryClass = {astro-ph.IM}
}

@inproceedings{yallup2025nested,
  title={Nested Slice Sampling},
  author={Yallup, David and Kroupa, Namu and Handley, Will},
  booktitle={Frontiers in Probabilistic Inference: Learning meets Sampling},
  year={2025}
}

@article{Yallup2022,
  author = {{Yallup}, D. and {Jan√üen}, T. and {Schumann}, S. and {Handley}, W.},
  title = "{Exploring phase space with Nested Sampling}",
  journal = {arXiv e-prints},
  year = 2022,
  month = may,
  eid = {arXiv:2205.02030},
  pages = {arXiv:2205.02030},
  archivePrefix = {arXiv},
  eprint = {2205.02030},
  primaryClass = {hep-ph}
}

@article{Roque2023,
  author = {{Roque}, I.~L.~V. and {Razavi-Ghods}, N. and {Carey}, S.~H. and {Ely}, J.~A. and {Handley}, W. and {Magro}, A. and {Chiello}, R. and {Huang}, T. and {Alexander}, P. and {Anstey}, D. and {Bernardi}, G. and {Bevins}, H.~T.~J. and {Cavillot}, J. and {Croukamp}, W. and {Cumner}, J. and {de Lera Acedo}, E. and {de Villiers}, D.~I.~L. and {Fialkov}, A. and {Gessey-Jones}, T. and {Gueuning}, Q. and {Josaitis}, A.~T. and {Kulkarni}, G. and {Leeney}, S.~A.~K. and {Maiolino}, R. and {Meerburg}, P.~D. and {Mittal}, S. and {Pagano}, M. and {Pegwal}, S. and {Pieterse}, C. and {Pritchard}, J.~R. and {Saxena}, A. and {Scheutwinkel}, K.~H. and {Scott}, P. and {Shen}, E. and {Sims}, P.~H. and {Smirnov}, O. and {Spinelli}, M. and {Zarb-Adami}, K.},
  title = "{Receiver design for the REACH global 21-cm signal experiment}",
  journal = {arXiv e-prints},
  year = 2023,
  month = jun,
  eid = {arXiv:2307.00099},
  pages = {arXiv:2307.00099},
  archivePrefix = {arXiv},
  eprint = {2307.00099},
  primaryClass = {astro-ph.IM}
}

@article{Leeney2022,
  author = {{Leeney}, S.~A.~K. and {Handley}, W.~J. and {de Lera Acedo}, E.},
  title = "{Bayesian approach to radio frequency interference mitigation}",
  journal = {arXiv e-prints},
  year = 2022,
  month = nov,
  eid = {arXiv:2211.15448},
  pages = {arXiv:2211.15448},
  archivePrefix = {arXiv},
  eprint = {2211.15448},
  primaryClass = {astro-ph.IM}
}

@article{Anstey2023,
  title={Enhanced Bayesian RFI mitigation and transient flagging using likelihood reweighting},
  author={Anstey, Dominic and Leeney, Samuel AK},
  journal={RAS Techniques and Instruments},
  volume={3},
  number={1},
  pages={372--384},
  year={2024},
  publisher={Oxford University Press},
  doi={10.1093/rasti/rzae024}
}

@article{Guy2005orig,
  author = {{Guy}, J. and {Astier}, P. and {Nobili}, S. and {Regnault}, N. and {Pain}, R.},
  title = "{SALT: a spectral adaptive light curve template for type Ia supernovae}",
  journal = {arXiv e-prints},
  year = 2005,
  month = jun,
  eid = {arXiv:astro-ph/0506583},
  pages = {arXiv:astro-ph/0506583},
  archivePrefix = {arXiv},
  eprint = {astro-ph/0506583},
  primaryClass = {astro-ph}
}

@article{Mandelbaum2019,
  author = {{Mandelbaum}, R. and {Blazek}, J. and {Chisari}, N.~E. and {Collett}, T. and {Galbany}, L. and {Gawiser}, E. and {Hlo≈æek}, R.~A. and {Kim}, A.~G. and {Leonard}, C.~D. and {Lochner}, M. and {Newman}, J.~A. and {Perrefort}, D.~J. and {Schmidt}, S.~J. and {Singh}, S. and {Sullivan}, M.},
  title = "{Wide-field Multi-object Spectroscopy to Enhance Dark Energy Science from LSST}",
  journal = {arXiv e-prints},
  year = 2019,
  month = mar,
  eid = {arXiv:1903.09323},
  pages = {arXiv:1903.09323},
  archivePrefix = {arXiv},
  eprint = {1903.09323},
  primaryClass = {astro-ph.CO}
}

@article{Arendse2023,
  author = {{Arendse}, N. and {Dhawan}, S. and {Sagu√©s Carracedo}, A. and {Peiris}, H.~V. and {Goobar}, A. and {Wojtak}, R. and {Alves}, C. and {Biswas}, R. and {Huber}, S. and {Birrer}, S. and {The LSST Dark Energy Science Collaboration}},
  title = "{Detecting strongly-lensed type Ia supernovae with LSST}",
  journal = {arXiv e-prints},
  year = 2023,
  month = dec,
  eid = {arXiv:2312.04621},
  pages = {arXiv:2312.04621},
  archivePrefix = {arXiv},
  eprint = {2312.04621},
  primaryClass = {astro-ph.CO}
}

@article{Wojtak2019,
  author = {{Wojtak}, R. and {Hjorth}, J. and {Gall}, C.},
  title = "{Magnified or multiply imaged? - Search strategies for gravitationally lensed supernovae in wide-field surveys}",
  journal = {arXiv e-prints},
  year = 2019,
  month = mar,
  eid = {arXiv:1903.07687},
  pages = {arXiv:1903.07687},
  archivePrefix = {arXiv},
  eprint = {1903.07687},
  primaryClass = {astro-ph.CO}
}

@article{Hlozek2019,
  author = {{Hlo≈æek}, R.~A. and {Collett}, T. and {Galbany}, L. and {Goldstein}, D.~A. and {Jha}, S.~W. and {Kim}, A.~G. and {Mandelbaum}, R. and {Newman}, J.~A. and {Perlmutter}, S. and {Perrefort}, D.~J. and {Sullivan}, M. and {Verma}, A.},
  title = "{Single-object Imaging and Spectroscopy to Enhance Dark Energy Science from LSST}",
  journal = {arXiv e-prints},
  year = 2019,
  month = mar,
  eid = {arXiv:1903.09324},
  pages = {arXiv:1903.09324},
  archivePrefix = {arXiv},
  eprint = {1903.09324},
  primaryClass = {astro-ph.CO}
}

@article{Foley2018,
  author = {{Foley}, R.~J. and {Koekemoer}, A.~M. and {Spergel}, D.~N. and {Bianco}, F.~B. and {Capak}, P. and {Dai}, L. and {Dore}, O. and {Fazio}, G.~G. and {Ferguson}, H. and {Filippenko}, A.~V. and {Frye}, B. and {Galbany}, L. and {Gawiser}, E. and {Gronwall}, C. and {Hathi}, N.~P. and {Hirata}, C. and {Hounsell}, R. and {Jha}, S.~W. and {Kim}, A.~G. and {Kelly}, P.~L. and {Kruk}, J.~W. and {Malhotra}, S. and {Mandel}, K.~S. and {Margutti}, R. and {Marrone}, D. and {McQuinn}, K.~B.~W. and {Melchior}, P. and {Moustakas}, L. and {Newman}, J.~A. and {Peek}, J.~E.~G. and {Perlmutter}, S. and {Rhodes}, J.~D. and {Robertson}, B. and {Rubin}, D. and {Scolnic}, D. and {Somerville}, R. and {Street}, R. and {Wang}, Y. and {Whalen}, D.~J. and {Windhorst}, R.~A. and {Wollack}, E.~J.},
  title = "{LSST Observing Strategy White Paper: LSST Observations of WFIRST Deep Fields}",
  journal = {arXiv e-prints},
  year = 2018,
  month = nov,
  eid = {arXiv:1812.00514},
  pages = {arXiv:1812.00514},
  archivePrefix = {arXiv},
  eprint = {1812.00514},
  primaryClass = {astro-ph.IM}
}

@article{Rydberg2018,
  author = {{Rydberg}, C.-E. and {Whalen}, D.~J. and {Maturi}, M. and {Collett}, T. and {Carrasco}, M. and {Magg}, M. and {Klessen}, R.~S.},
  title = "{Detecting strongly lensed supernovae at z ~ 5-7 with LSST}",
  journal = {arXiv e-prints},
  year = 2018,
  month = may,
  eid = {arXiv:1805.02662},
  pages = {arXiv:1805.02662},
  archivePrefix = {arXiv},
  eprint = {1805.02662},
  primaryClass = {astro-ph.GA}
}

@article{LSST_DESC2012,
  author = {{LSST Dark Energy Science Collaboration}},
  title = "{Large Synoptic Survey Telescope: Dark Energy Science Collaboration}",
  journal = {arXiv e-prints},
  year = 2012,
  month = nov,
  eid = {arXiv:1211.0310},
  pages = {arXiv:1211.0310},
  archivePrefix = {arXiv},
  eprint = {1211.0310},
  primaryClass = {astro-ph.CO}
}

@article{Alsing2018,
  author = {{Alsing}, J. and {Wandelt}, B. and {Feeney}, S.},
  title = "{Massive optimal data compression and density estimation for scalable, likelihood-free inference in cosmology}",
  journal = {arXiv e-prints},
  year = 2018,
  month = jan,
  eid = {arXiv:1801.01497},
  pages = {arXiv:1801.01497},
  archivePrefix = {arXiv},
  eprint = {1801.01497},
  primaryClass = {astro-ph.CO}
}

@article{Leclercq2018,
  author = {{Leclercq}, F.},
  title = "{Bayesian optimisation for likelihood-free cosmological inference}",
  journal = {arXiv e-prints},
  year = 2018,
  month = may,
  eid = {arXiv:1805.07152},
  pages = {arXiv:1805.07152},
  archivePrefix = {arXiv},
  eprint = {1805.07152},
  primaryClass = {astro-ph.CO}
}

@article{Alsing2019,
  author = {{Alsing}, J. and {Charnock}, T. and {Feeney}, S. and {Wandelt}, B.},
  title = "{Fast likelihood-free cosmology with neural density estimators and active learning}",
  journal = {arXiv e-prints},
  year = 2019,
  month = feb,
  eid = {arXiv:1903.00007},
  pages = {arXiv:1903.00007},
  archivePrefix = {arXiv},
  eprint = {1903.00007},
  primaryClass = {astro-ph.CO}
}

@article{Allison2013,
  author = {{Allison}, R. and {Dunkley}, J.},
  title = "{Comparison of sampling techniques for Bayesian parameter estimation}",
  journal = {arXiv e-prints},
  year = 2013,
  month = aug,
  eid = {arXiv:1308.2675},
  pages = {arXiv:1308.2675},
  archivePrefix = {arXiv},
  eprint = {1308.2675},
  primaryClass = {astro-ph.IM}
}

@article{Feroz2007,
  author = {{Feroz}, F. and {Hobson}, M.~P.},
  title = "{Multimodal nested sampling: an efficient and robust alternative to MCMC methods for astronomical data analysis}",
  journal = {arXiv e-prints},
  year = 2007,
  month = apr,
  eid = {arXiv:0704.3704},
  pages = {arXiv:0704.3704},
  archivePrefix = {arXiv},
  eprint = {0704.3704},
  primaryClass = {astro-ph}
}

@article{Lewis2019,
  author = {{Lewis}, A.},
  title = "{GetDist: a Python package for analysing Monte Carlo samples}",
  journal = {arXiv e-prints},
  year = 2019,
  month = oct,
  eid = {arXiv:1910.13970},
  pages = {arXiv:1910.13970},
  archivePrefix = {arXiv},
  eprint = {1910.13970},
  primaryClass = {astro-ph.IM}
}

@article{Huang2019,
  author = {{Huang}, C.~D. and {Riess}, A.~G. and {Yuan}, W. and {Macri}, L.~M. and {Zakamska}, N.~L. and {Casertano}, S. and {Whitelock}, P.~A. and {Hoffmann}, S.~L. and {Filippenko}, A.~V. and {Scolnic}, D.},
  title = "{Hubble Space Telescope Observations of Mira Variables in the Type Ia Supernova Host NGC 1559: An Alternative Candle to Measure the Hubble Constant}",
  journal = {arXiv e-prints},
  year = 2019,
  month = aug,
  eid = {arXiv:1908.10883},
  pages = {arXiv:1908.10883},
  archivePrefix = {arXiv},
  eprint = {1908.10883},
  primaryClass = {astro-ph.CO}
}

@article{Jha2019,
  author = {{Jha}, S.~W. and {Maguire}, K. and {Sullivan}, M.},
  title = "{Observational Properties of Thermonuclear Supernovae}",
  journal = {arXiv e-prints},
  year = 2019,
  month = aug,
  eid = {arXiv:1908.02303},
  pages = {arXiv:1908.02303},
  archivePrefix = {arXiv},
  eprint = {1908.02303},
  primaryClass = {astro-ph.HE}
}

@article{Gall2024,
  author = {{Gall}, C. and {Izzo}, L. and {Wojtak}, R. and {Hjorth}, J.},
  title = "{The Hubble Constant from Blue Type Ia Supernovae}",
  journal = {arXiv e-prints},
  year = 2024,
  month = nov,
  eid = {arXiv:2411.05642},
  pages = {arXiv:2411.05642},
  archivePrefix = {arXiv},
  eprint = {2411.05642},
  primaryClass = {astro-ph.CO}
}

@article{Risaliti2018,
  author = {{Risaliti}, G. and {Lusso}, E.},
  title = "{Cosmological constraints from the Hubble diagram of quasars at high redshifts}",
  journal = {arXiv e-prints},
  year = 2018,
  month = nov,
  eid = {arXiv:1811.02590},
  pages = {arXiv:1811.02590},
  archivePrefix = {arXiv},
  eprint = {1811.02590},
  primaryClass = {astro-ph.CO}
}

@article{Liang2008,
  author = {{Liang}, N. and {Xiao}, W.~K. and {Liu}, Y. and {Zhang}, S.~N.},
  title = "{A Cosmology-Independent Calibration of Gamma-Ray Burst Luminosity Relations and the Hubble Diagram}",
  journal = {arXiv e-prints},
  year = 2008,
  month = feb,
  eid = {arXiv:0802.4262},
  pages = {arXiv:0802.4262},
  archivePrefix = {arXiv},
  eprint = {0802.4262},
  primaryClass = {astro-ph}
}

@article{Goobar2008,
  author = {{Goobar}, A.},
  title = "{Low R_v from circumstellar dust around supernovae}",
  journal = {arXiv e-prints},
  year = 2008,
  month = sep,
  eid = {arXiv:0809.1094},
  pages = {arXiv:0809.1094},
  archivePrefix = {arXiv},
  eprint = {0809.1094},
  primaryClass = {astro-ph}
}

@article{Menard2009,
  author = {{M√©nard}, B. and {Kilbinger}, M. and {Scranton}, R.},
  title = "{On the impact of intergalactic dust on cosmology with type Ia supernovae}",
  journal = {arXiv e-prints},
  year = 2009,
  month = mar,
  eid = {arXiv:0903.4199},
  pages = {arXiv:0903.4199},
  archivePrefix = {arXiv},
  eprint = {0903.4199},
  primaryClass = {astro-ph.CO}
}

@article{Mandel2016,
  author = {{Mandel}, K.~S. and {Scolnic}, D. and {Shariff}, H. and {Foley}, R.~J. and {Kirshner}, R.~P.},
  title = "{The Type Ia Supernova Color-Magnitude Relation and Host Galaxy Dust: A Simple Hierarchical Bayesian Model}",
  journal = {arXiv e-prints},
  year = 2016,
  month = sep,
  eid = {arXiv:1609.04470},
  pages = {arXiv:1609.04470},
  archivePrefix = {arXiv},
  eprint = {1609.04470},
  primaryClass = {astro-ph.CO}
}

@article{Chotard2011,
  author = {{Chotard}, N. and {Gangler}, E. and {Aldering}, G. and {Antilogus}, P. and {Aragon}, C. and {Bailey}, S. and {Baltay}, C. and {Bongard}, S. and {Buton}, C. and {Canto}, A. and {Childress}, M. and {Copin}, Y. and {Fakhouri}, H.~K. and {Hsiao}, E.~Y. and {Kerschhaggl}, M. and {Kowalski}, M. and {Loken}, S. and {Nugent}, P. and {Paech}, K. and {Pain}, R. and {Pecontal}, E. and {Pereira}, R. and {Perlmutter}, S. and {Rabinowitz}, D. and {Runge}, K. and {Scalzo}, R. and {Smadja}, G. and {Tao}, C. and {Thomas}, R.~C. and {Weaver}, B.~A. and {Wu}, C.},
  title = "{The reddening law of Type Ia Supernovae: separating intrinsic variability from dust using equivalent widths}",
  journal = {arXiv e-prints},
  year = 2011,
  month = mar,
  eid = {arXiv:1103.5300},
  pages = {arXiv:1103.5300},
  archivePrefix = {arXiv},
  eprint = {1103.5300},
  primaryClass = {astro-ph.CO}
}

@article{Parkinson2013,
  author = {{Parkinson}, D. and {Liddle}, A.~R.},
  title = "{Bayesian Model Averaging in Astrophysics: A Review}",
  journal = {arXiv e-prints},
  year = 2013,
  month = feb,
  eid = {arXiv:1302.1721},
  pages = {arXiv:1302.1721},
  archivePrefix = {arXiv},
  eprint = {1302.1721},
  primaryClass = {astro-ph.IM}
}

@article{Rosselli2024,
  author = {{Rosselli}, D. and {Carreres}, B. and {Ravoux}, C. and {Bautista}, J.~E. and {Fouchez}, D. and {Kim}, A.~G. and {Racine}, B. and {Feinstein}, F. and {S√°nchez}, B. and {Valade}, A. and {The LSST Dark Energy Science Collaboration}},
  title = "{Forecast for growth-rate measurement using peculiar velocities from LSST supernovae}",
  journal = {arXiv e-prints},
  year = 2024,
  month = jun,
  eid = {arXiv:2507.00157},
  pages = {arXiv:2507.00157},
  archivePrefix = {arXiv},
  eprint = {2507.00157},
  primaryClass = {astro-ph.CO}
}

@article{Kumar2024,
  author = {{Kumar}, D. and {Mitra}, A. and {Adil}, S.~A. and {Sen}, A.~A.},
  title = "{Exploring Alternative Cosmologies with the LSST: Simulated Forecasts and Current Observational Constraints}",
  journal = {arXiv e-prints},
  year = 2024,
  month = jun,
  eid = {arXiv:2406.06757},
  pages = {arXiv:2406.06757},
  archivePrefix = {arXiv},
  eprint = {2406.06757},
  primaryClass = {astro-ph.CO}
}

@article{Ponte2024,
  author = {{Ponte P√©rez}, A.~I. and {Smith}, G.~P. and {Nicholl}, M. and {Arendse}, N. and {Ryczanowski}, D. and {Dhawan}, S. and {the LSST Strong Lensing Science Collaboration}},
  title = "{The impact of ultraviolet suppression on the rates and properties of strongly lensed Type IIn supernovae detected by LSST}",
  journal = {arXiv e-prints},
  year = 2024,
  month = apr,
  eid = {arXiv:2504.14433},
  pages = {arXiv:2504.14433},
  archivePrefix = {arXiv},
  eprint = {2504.14433},
  primaryClass = {astro-ph.HE}
}

@article{Scovacricchi2015,
  author = {{Scovacricchi}, D. and {Nichol}, R.~C. and {Bacon}, D. and {Sullivan}, M. and {Prajs}, S.},
  title = "{Cosmology with Superluminous Supernovae}",
  journal = {arXiv e-prints},
  year = 2015,
  month = nov,
  eid = {arXiv:1511.06670},
  pages = {arXiv:1511.06670},
  archivePrefix = {arXiv},
  eprint = {1511.06670},
  primaryClass = {astro-ph.CO}
}

@article{Nielsen2015,
  author = {{Nielsen}, J.~T. and {Guffanti}, A. and {Sarkar}, S.},
  title = "{Marginal evidence for cosmic acceleration from Type Ia supernovae}",
  journal = {arXiv e-prints},
  year = 2015,
  month = jun,
  eid = {arXiv:1506.01354},
  pages = {arXiv:1506.01354},
  archivePrefix = {arXiv},
  eprint = {1506.01354},
  primaryClass = {astro-ph.CO}
}

@article{Andersen2017,
  author = {{Andersen}, P. and {Hjorth}, J.},
  title = "{Discerning Dark Energy Models with High-Redshift Standard Candles}",
  journal = {arXiv e-prints},
  year = 2017,
  month = jun,
  eid = {arXiv:1706.08530},
  pages = {arXiv:1706.08530},
  archivePrefix = {arXiv},
  eprint = {1706.08530},
  primaryClass = {astro-ph.CO}
}

@article{Wright2017,
  author = {{Wright}, B.~S. and {Li}, B.},
  title = "{Type Ia supernovae, standardisable candles, and gravity}",
  journal = {arXiv e-prints},
  year = 2017,
  month = oct,
  eid = {arXiv:1710.07018},
  pages = {arXiv:1710.07018},
  archivePrefix = {arXiv},
  eprint = {1710.07018},
  primaryClass = {astro-ph.CO}
}

@article{Hauret2018,
  author = {{Hauret}, C. and {Magain}, P. and {Biernaux}, J.},
  title = "{A cosmology-independent calibration of type Ia supernovae data}",
  journal = {arXiv e-prints},
  year = 2018,
  month = jun,
  eid = {arXiv:1806.10900},
  pages = {arXiv:1806.10900},
  archivePrefix = {arXiv},
  eprint = {1806.10900},
  primaryClass = {astro-ph.CO}
}

@article{Gonzalez2020,
  author = {{Gonzalez-Gaitan}, S. and {de Jaeger}, T. and {Galbany}, L. and {Mourao}, A. and {Paulina-Afonso}, A. and {Filippenko}, A.~V.},
  title = "{The effects of varying colour-luminosity relations on supernova science}",
  journal = {arXiv e-prints},
  year = 2020,
  month = sep,
  eid = {arXiv:2009.13230},
  pages = {arXiv:2009.13230},
  archivePrefix = {arXiv},
  eprint = {2009.13230},
  primaryClass = {astro-ph.CO}
}

@article{Rameez2024,
  author = {{Rameez}, M.},
  title = "{Anisotropy in the cosmic acceleration inferred from supernovae}",
  journal = {arXiv e-prints},
  year = 2024,
  month = nov,
  eid = {arXiv:2411.14758},
  pages = {arXiv:2411.14758},
  archivePrefix = {arXiv},
  eprint = {2411.14758},
  primaryClass = {astro-ph.CO}
}

@article{Hayes2024,
  author = {{Hayes}, E.~E. and {Dhawan}, S. and {Mandel}, K.~S. and {Jones}, D.~O. and {Foley}, R.~J. and {Thorp}, S. and {Grayling}, M. and {Ward}, S.~M. and {Do}, A. and {Langeroodi}, D. and {Earl}, N. and {de Soto}, K.~M. and {Narayan}, G. and {Auchettl}, K. and {de Boer}, T. and {Chambers}, K.~C. and {Coulter}, D.~A. and {Gall}, C. and {Gao}, H. and {Izzo}, L. and {Lin}, C.-C. and {Magnier}, E.~A. and {Rest}, A. and {Wang}, Q.},
  title = "{Characterising the Standardisation Properties of Type Ia Supernovae in the z band with Hierarchical Bayesian Modelling}",
  journal = {arXiv e-prints},
  year = 2024,
  month = jun,
  eid = {arXiv:2506.04309},
  pages = {arXiv:2506.04309},
  archivePrefix = {arXiv},
  eprint = {2506.04309},
  primaryClass = {astro-ph.CO}
}

@book{MacKay2003,
  author = {{MacKay}, D.~J.~C.},
  title = "{Information Theory, Inference, and Learning Algorithms}",
  publisher = {Cambridge University Press},
  year = 2003,
  address = {Cambridge, UK},
  isbn = {0521642981}
}

@article{Tonry2018,
  author = {{Tonry}, J.~L. and {Denneau}, L. and {Heinze}, A.~N. and {Stalder}, B. and {Smith}, K.~W. and {Smartt}, S.~J. and {Stubbs}, C.~W. and {Weiland}, H.~J. and {Rest}, A.},
  title = "{ATLAS: A High-cadence All-sky Survey System}",
  journal = {\pasp},
  year = 2018,
  month = jun,
  volume = {130},
  number = {988},
  pages = {064505},
  doi = {10.1088/1538-3873/aabadf},
  archivePrefix = {arXiv},
  eprint = {1802.00879},
  primaryClass = {astro-ph.IM}
}

@article{Shappee2014,
  author = {{Shappee}, B.~J. and {Prieto}, J.~L. and {Grupe}, D. and {Kochanek}, C.~S. and {Stanek}, K.~Z. and {De Rosa}, G. and {Mathur}, S. and {Zu}, Y. and {Peterson}, B.~M. and {Pogge}, R.~W. and {Komossa}, S. and {Im}, M. and {Jencson}, J. and {Holoien}, T.~W.-S. and {Basu}, U. and {Beacom}, J.~F. and {Szczygie≈Ç}, D.~M. and {Brimacombe}, J. and {Adams}, S. and {Campillay}, A. and {Choi}, C. and {Contreras}, C. and {Dietrich}, M. and {Dubberley}, M. and {Elphick}, M. and {Foale}, S. and {Giustini}, M. and {Gonzalez}, C. and {Hawkins}, E. and {Howell}, D.~A. and {Hsiao}, E.~Y. and {Koss}, M. and {Leighly}, K.~M. and {Morrell}, N. and {Mudd}, D. and {Mullins}, D. and {Nugent}, J.~M. and {Parrent}, J. and {Phillips}, M.~M. and {Pojmanski}, G. and {Rosing}, W. and {Ross}, R. and {Sand}, D. and {Terndrup}, D.~M. and {Valenti}, S. and {Walker}, Z. and {Yoon}, Y.},
  title = "{The Man Behind the Curtain: X-Rays Drive the UV through NIR Variability in the 2013 Active Galactic Nucleus Outburst in NGC 2617}",
  journal = {\apj},
  year = 2014,
  month = jun,
  volume = {788},
  number = {1},
  eid = {48},
  pages = {48},
  doi = {10.1088/0004-637X/788/1/48},
  archivePrefix = {arXiv},
  eprint = {1310.2241},
  primaryClass = {astro-ph.HE}
}

@article{Bellm2019,
  author = {{Bellm}, E.~C. and {Kulkarni}, S.~R. and {Graham}, M.~J. and {Dekany}, R. and {Smith}, R.~M. and {Riddle}, R. and {Masci}, F.~J. and {Helou}, G. and {Prince}, T.~A. and {Adams}, S.~M. and {Barbarino}, C. and {Barlow}, T. and {Bauer}, J. and {Beck}, R. and {Belicki}, J. and {Biswas}, R. and {Blagorodnova}, N. and {Bodewits}, D. and {Bolin}, B. and {Brinnel}, V. and {Brooke}, T. and {Bue}, B. and {Bulla}, M. and {Burruss}, R. and {Cenko}, S.~B. and {Chang}, C.-K. and {Connolly}, A. and {Coughlin}, M. and {Cromer}, J. and {Cunningham}, V. and {De}, K. and {Delacroix}, A. and {Desai}, V. and {Duev}, D.~A. and {Eadie}, G. and {Farnham}, T.~L. and {Feeney}, M. and {Feindt}, U. and {Flynn}, D. and {Franckowiak}, A. and {Frederick}, S. and {Fremling}, C. and {Gal-Yam}, A. and {Gezari}, S. and {Giomi}, M. and {Goldstein}, D.~A. and {Golkhou}, V.~Z. and {Goobar}, A. and {Groom}, S. and {Hacopians}, E. and {Hale}, D. and {Henning}, J. and {Ho}, A.~Y.~Q. and {Hover}, D. and {Howell}, J. and {Hung}, T. and {Huppenkothen}, D. and {Imel}, D. and {Ip}, W.-H. and {Iveziƒá}, ≈Ω. and {Jackson}, E. and {Jones}, L. and {Juric}, M. and {Kasliwal}, M.~M. and {Kaspi}, S. and {Kaye}, S. and {Kelley}, M.~S.~P. and {Kowalski}, M. and {Kramer}, E. and {Kupfer}, T. and {Landry}, W. and {Laher}, R.~R. and {Lee}, C.-D. and {Lin}, H.~W. and {Lin}, Z.-Y. and {Lunnan}, R. and {Giomi}, M. and {Mahabal}, A. and {Mao}, P. and {Miller}, A.~A. and {Monkewitz}, S. and {Murphy}, P. and {Ngeow}, C.-C. and {Nordin}, J. and {Nugent}, P. and {Ofek}, E. and {Patterson}, M.~T. and {Penprase}, B. and {Porter}, M. and {Rauch}, L. and {Rebbapragada}, U. and {Reiley}, D. and {Rigault}, M. and {Rodriguez}, H. and {van Roestel}, J. and {Rusholme}, B. and {van Santen}, J. and {Schulze}, S. and {Shupe}, D.~L. and {Singer}, L.~P. and {Soumagnac}, M.~T. and {Stein}, R. and {Surace}, J. and {Sollerman}, J. and {Szkody}, P. and {Taddia}, F. and {Terek}, S. and {Van Sistine}, A. and {van Velzen}, S. and {Vestrand}, W.~T. and {Walters}, R. and {Ward}, C. and {Ye}, Q.-Z. and {Yu}, P.-C. and {Yan}, L. and {Zolkower}, J.},
  title = "{The Zwicky Transient Facility: System Overview, Performance, and First Results}",
  journal = {\pasp},
  year = 2019,
  month = mar,
  volume = {131},
  number = {997},
  pages = {018002},
  doi = {10.1088/1538-3873/aaecbe},
  archivePrefix = {arXiv},
  eprint = {1902.01932},
  primaryClass = {astro-ph.IM}
}

@article{Lawrence2007,
  author = {{Lawrence}, A. and {Warren}, S.~J. and {Almaini}, O. and {Edge}, A.~C. and {Hambly}, N.~C. and {Jameson}, R.~F. and {Lucas}, P. and {Casali}, M. and {Adamson}, A. and {Dye}, S. and {Emerson}, J.~P. and {Foucaud}, S. and {Hewett}, P. and {Hirst}, P. and {Hodgkin}, S.~T. and {Irwin}, M.~J. and {Lodieu}, N. and {McMahon}, R.~G. and {Simpson}, C. and {Smail}, I. and {Mortlock}, D. and {Folger}, M.},
  title = "{The UKIRT Infrared Deep Sky Survey (UKIDSS)}",
  journal = {\mnras},
  year = 2007,
  month = aug,
  volume = {379},
  number = {4},
  pages = {1599-1617},
  doi = {10.1111/j.1365-2966.2007.12040.x},
  archivePrefix = {arXiv},
  eprint = {astro-ph/0604426},
  primaryClass = {astro-ph}
}

@article{Mandel2020,
  author = {{Mandel}, K.~S. and {Thorp}, S. and {Narayan}, G. and {Friedman}, A.~S. and {Avelino}, A.},
  title = "{A Hierarchical Bayesian SED Model for Type Ia Supernovae in the Optical to Near-Infrared}",
  journal = {\apj},
  year = 2020,
  month = aug,
  volume = {842},
  number = {2},
  pages = {269},
  doi = {10.3847/1538-4357/aa6038},
  archivePrefix = {arXiv},
  eprint = {2008.07538},
  primaryClass = {astro-ph.CO}
}

@article{Mandel2011,
  author = {{Mandel}, K.~S. and {Narayan}, G. and {Kirshner}, R.~P.},
  title = "{Type Ia Supernova Light Curve Inference: Hierarchical Models in the Optical and Near Infrared}",
  journal = {\apj},
  year = 2011,
  month = may,
  volume = {731},
  number = {2},
  pages = {120},
  doi = {10.1088/0004-637X/731/2/120},
  archivePrefix = {arXiv},
  eprint = {1011.5910},
  primaryClass = {astro-ph.CO}
}

@article{Mandel2017,
  author = {{Mandel}, K.~S. and {Scolnic}, D. and {Shariff}, H. and {Foley}, R.~J. and {Kirshner}, R.~P.},
  title = "{The Type Ia Supernova Color-Magnitude Relation and Host Galaxy Dust: A Simple Hierarchical Bayesian Model}",
  journal = {\apj},
  year = 2017,
  month = jan,
  volume = {842},
  number = {1},
  pages = {46},
  doi = {10.3847/1538-4357/aa6038},
  archivePrefix = {arXiv},
  eprint = {1609.04470},
  primaryClass = {astro-ph.CO}
}

@article{Mandel2014,
  author = {{Mandel}, K.~S. and {Foley}, R.~J. and {Kirshner}, R.~P.},
  title = "{Type Ia Supernova Colors and Ejecta Velocities: Hierarchical Bayesian Regression with Non-Gaussian Distributions}",
  journal = {\apj},
  year = 2014,
  month = jul,
  volume = {797},
  number = {2},
  pages = {75},
  doi = {10.1088/0004-637X/797/2/75},
  archivePrefix = {arXiv},
  eprint = {1402.7079},
  primaryClass = {astro-ph.CO}
}

@article{Thorp2021,
  author = {{Thorp}, S. and {Mandel}, K.~S. and {Jones}, D.~O. and {Ward}, S.~M. and {Narayan}, G.},
  title = "{Testing the Consistency of Dust Laws in SN Ia Host Galaxies: A BayeSN Examination of Foundation DR1}",
  journal = {\apj},
  year = 2021,
  month = nov,
  volume = {923},
  number = {2},
  pages = {210},
  doi = {10.3847/1538-4357/ac2e06},
  archivePrefix = {arXiv},
  eprint = {2102.05678},
  primaryClass = {astro-ph.GA}
}

@article{Thorp2022,
  author = {{Thorp}, S. and {Mandel}, K.~S.},
  title = "{BayeSN: A Hierarchical Bayesian Model for Type Ia Supernova Cosmology}",
  journal = {arXiv e-prints},
  year = 2022,
  month = sep,
  eid = {arXiv:2209.10552},
  pages = {arXiv:2209.10552},
  archivePrefix = {arXiv},
  eprint = {2209.10552},
  primaryClass = {astro-ph.CO}
}

@article{Burns2011,
  author = {{Burns}, C.~R. and {Stritzinger}, M. and {Phillips}, M.~M. and {Kattner}, S. and {Persson}, S.~E. and {Madore}, B.~F. and {Freedman}, W.~L. and {Boldt}, L. and {Campillay}, A. and {Contreras}, C. and {Folatelli}, G. and {Gonzalez}, S. and {Krzeminski}, W. and {Morrell}, N. and {Salgado}, F. and {Suntzeff}, N.~B.},
  title = "{The Carnegie Supernova Project: Light-curve Fitting with SNooPy}",
  journal = {\aj},
  year = 2011,
  month = jan,
  volume = {141},
  number = {1},
  eid = {19},
  pages = {19},
  doi = {10.1088/0004-6256/141/1/19},
  archivePrefix = {arXiv},
  eprint = {1010.4040},
  primaryClass = {astro-ph.CO}
}

@article{Nelder1965,
  author = {{Nelder}, J.~A. and {Mead}, R.},
  title = "{A Simplex Method for Function Minimization}",
  journal = {Computer Journal},
  year = 1965,
  volume = {7},
  number = {4},
  pages = {308-313},
  doi = {10.1093/comjnl/7.4.308}
}

@article{Dhawan2022,
  author = {{Dhawan}, S. and {Thorp}, S. and {Mandel}, K.~S. and {Ward}, S.~M. and {Narayan}, G. and {Jha}, S.~W. and {Chant}, T.},
  title = "{A BayeSN Distance Ladder: $H_0$ from a consistent modelling of Type Ia supernovae from the optical to the near infrared}",
  journal = {\apj},
  year = 2022,
  month = dec,
  volume = {940},
  number = {2},
  pages = {189},
  doi = {10.3847/1538-4357/ac9710},
  archivePrefix = {arXiv},
  eprint = {2211.07657},
  primaryClass = {astro-ph.CO}
}

@article{de2022reach,
  title={The REACH radiometer for detecting the 21-cm hydrogen signal from redshift z‚âà 7.5--28},
  author={de Lera Acedo, E and de Villiers, DIL and Razavi-Ghods, N and Handley, W and Fialkov, A and Magro, Alessio and Anstey, D and Bevins, HTJ and Chiello, R and Cumner, J and others},
  journal={Nature Astronomy},
  volume={6},
  number={8},
  pages={984--998},
  year={2022},
  publisher={Nature Publishing Group UK London}
}

@article{handley2015polychord,
  title={PolyChord: nested sampling for cosmology},
  author={Handley, WJ and Hobson, MP and Lasenby, AN},
  journal={Monthly Notices of the Royal Astronomical Society: Letters},
  volume={450},
  number={1},
  pages={L61--L65},
  year={2015},
  publisher={Oxford University Press}
}

@article{arXiv:2406.06389,
  author = {{√ì Colg√°in}, E. and {Pourojaghi}, S. and {Sheikh-Jabbari}, M.~M.},
  title = "{Implications of DES 5YR SNe Dataset for $\Lambda$CDM}",
  journal = {arXiv e-prints},
  year = 2024,
  month = jun,
  eid = {arXiv:2406.06389},
  pages = {arXiv:2406.06389},
  archivePrefix = {arXiv},
  eprint = {2406.06389},
  primaryClass = {astro-ph.CO}
}

@article{arXiv:2405.03983,
  author = {{Huang}, Z. and {Liu}, J. and {Mo}, J. and {Su}, Y. and {Wang}, J. and {Yao}, Y. and {Yu}, G. and {Zhu}, Z. and {Li}, Z. and {Liu}, Z. and {Miao}, H. and {Tong}, H.},
  title = "{Key drivers of the preference for dynamic dark energy}",
  journal = {arXiv e-prints},
  year = 2024,
  month = may,
  eid = {arXiv:2405.03983},
  pages = {arXiv:2405.03983},
  archivePrefix = {arXiv},
  eprint = {2405.03983},
  primaryClass = {astro-ph.CO}
}

@article{arXiv:2506.05471,
  author = {{Popovic}, B. and {Kenworthy}, W.~D. and {Ginolin}, M. and {Goobar}, A. and {Shah}, P. and {Boyd}, B.~M. and {Do}, A. and {Brout}, D. and {Scolnic}, D. and {Vincenzi}, M. and {Dhawan}, S. and {Jones}, D.~O. and {Smith}, M. and {Rigault}, M. and {Racine}, B. and {Hayes}, E.~E. and {Chen}, R. and {Wiseman}, P. and {Galbany}, L. and {Grayling}, M. and {LaCroix}, L. and {Barjou-Delayre}, C. and {Kuhn}, D. and {Lemon}, C.},
  title = "{A Reassessment of the Pantheon+ and DES 5YR Calibration Uncertainties: Dovekie}",
  journal = {arXiv e-prints},
  year = 2025,
  month = jun,
  eid = {arXiv:2506.05471},
  pages = {arXiv:2506.05471},
  archivePrefix = {arXiv},
  eprint = {2506.05471},
  primaryClass = {astro-ph.CO}
}

@article{arXiv:2410.13747,
  author = {{Grayling}, M. and {Popovic}, B.},
  title = "{BayeSN and SALT: A Comparison of Dust Inference Across SN Ia Light-curve Models with DES5YR}",
  journal = {arXiv e-prints},
  year = 2024,
  month = oct,
  eid = {arXiv:2410.13747},
  pages = {arXiv:2410.13747},
  archivePrefix = {arXiv},
  eprint = {2410.13747},
  primaryClass = {astro-ph.GA}
}

@article{Mandel2016_dust,
  author = {{Mandel}, K.~S. and {Scolnic}, D. and {Shariff}, H. and {Foley}, R.~J. and {Kirshner}, R.~P.},
  title = "{The Type Ia Supernova Color-Magnitude Relation and Host Galaxy Dust: A Simple Hierarchical Bayesian Model}",
  journal = {\apj},
  year = 2016,
  month = sep,
  volume = {842},
  number = {2},
  eid = {129},
  pages = {129},
  archivePrefix = {arXiv},
  eprint = {1609.04470},
  primaryClass = {astro-ph.CO}
}

@article{Shariff2015,
  author = {{Shariff}, H. and {Jiao}, X. and {Trotta}, R. and {van Dyk}, D.~A.},
  title = "{BAHAMAS: new SNIa analysis reveals inconsistencies with standard cosmology}",
  journal = {\mnras},
  year = 2016,
  month = may,
  volume = {463},
  number = {4},
  pages = {4311-4331},
  archivePrefix = {arXiv},
  eprint = {1510.05954},
  primaryClass = {astro-ph.CO}
}

@article{Roberts2017,
  author = {{Roberts}, E. and {Lochner}, M. and {Fonseca}, J. and {Bassett}, B.~A. and {Lablanche}, P.-Y. and {Agarwal}, S.},
  title = "{zBEAMS: A unified solution for supernova cosmology with redshift uncertainties}",
  journal = {\mnras},
  year = 2017,
  month = nov,
  volume = {468},
  number = {4},
  pages = {4933-4950},
  archivePrefix = {arXiv},
  eprint = {1704.07830},
  primaryClass = {astro-ph.CO}
}

@article{Hlozek2012,
  author = {{Hlo≈æek}, R. and {Kunz}, M. and {Bassett}, B. and {Smith}, M. and {Newling}, J. and {Varughese}, M. and {Kessler}, R. and {Bernstein}, J. and {Campbell}, H. and {Dilday}, B. and {Falck}, B. and {Frieman}, J. and {Kuhlmann}, S. and {Lampeitl}, H. and {Marriner}, J. and {Nichol}, R.~C. and {Riess}, A.~G. and {Sako}, M. and {Schneider}, D.~P.},
  title = "{Photometric Supernova Cosmology with BEAMS and SDSS-II}",
  journal = {\apj},
  year = 2012,
  month = feb,
  volume = {752},
  number = {2},
  eid = {79},
  pages = {79},
  archivePrefix = {arXiv},
  eprint = {1111.5328},
  primaryClass = {astro-ph.CO}
}
@article{arXiv:2503.17342,
  author = {{Ormondroyd}, A.~N. and {Handley}, W.~J. and {Hobson}, M.~P. and {Lasenby}, A.~N.},
  title = "{Comparison of dynamical dark energy with $\Lambda$CDM in light of DESI DR2}",
  journal = {arXiv e-prints},
  year = 2025,
  month = mar,
  eid = {arXiv:2503.17342},
  pages = {arXiv:2503.17342},
  archivePrefix = {arXiv},
  eprint = {2503.17342},
  primaryClass = {astro-ph.CO}
}
@article{ashton2022nested,
  title={Nested sampling for physical scientists},
  author={Ashton, Greg and Bernstein, Noam and Buchner, Johannes and Chen, Xi and Cs{\'a}nyi, G{\'a}bor and Fowlie, Andrew and Feroz, Farhan and Griffiths, Matthew and Handley, Will and Habeck, Michael and others},
  journal={Nature Reviews Methods Primers},
  volume={2},
  number={1},
  pages={39},
  year={2022},
  publisher={Nature Publishing Group UK London}
}
@article{buchner2023nested,
  title={Nested sampling methods},
  author={Buchner, Johannes},
  journal={Statistic Surveys},
  volume={17},
  pages={169--215},
  year={2023},
  publisher={The American Statistical Association, the Bernoulli Society, the Institute~‚Ä¶}
}