 @article{Piras23OJA,
   author    = {Davide Piras and Alicja Polanska and Alessio Spurio Mancini and Matthew A. Price and Jason D. McEwen},
   title     = {The future of cosmological likelihood-based inference: accelerated high-dimensional parameter estimation and model comparison},
   journal   = {The Open Journal of Astrophysics},
   year      = {2024},
   volume    = {7},
   number    = {1},
   eid       = {3},
   eprint    = {2310.12200},
   archivePrefix = {arXiv},
   primaryClass = {astro-ph.CO}
 }
 @article{Piras23CPJ,
    author={{Piras}, Davide and {Polanska}, Alicja and {Spurio Mancini}, Alessio and {Price}, Matthew A. and {McEwen}, Jason D.},
    title="{CosmoPower-JAX: high-dimensional neural-network emulation of cosmological power spectra in JAX}",
    journal={arXiv e-prints},
    keywords={Astrophysics - Cosmology and Nongalactic Astrophysics, Computer Science - Machine Learning, Physics - Instrumentation and Methods for Astrophysics},
    year=2023,
    month=may,
    eid={arXiv:2305.18497},
    archivePrefix={arXiv},
    eprint={2305.18497},
 }
 @article{Skilling06,
    author={{Skilling}, John},
    title="{Nested sampling for general Bayesian computation}",
    journal={Bayesian Analysis},
    volume={1},
    number={4},
    pages={833-859},
    year={2006}
 }
}
@misc{metha,
      title={Gravitational-wave inference at GPU speed: A bilby-like nested sampling kernel within blackjax-ns}, 
      author={Metha Prathaban and David Yallup and James Alvey and Ming Yang and Will Templeton and Will Handley},
      year={2025},
      eprint={2509.04336},
      archivePrefix={arXiv},
      primaryClass={gr-qc},
      url={https://arxiv.org/abs/2509.04336}, 
}

@article{SpurioMancini22CosmoPower,
    author = "Spurio Mancini, Alessio and Piras, Davide and Alsing, Justin and Joachimi, Benjamin and Hobson, Michael P.",
    title = "{CosmoPower: emulating cosmological power spectra for accelerated Bayesian inference from next-generation surveys}",
    eprint = "2106.03846",
    archivePrefix = "arXiv",
    primaryClass = "astro-ph.CO",
    doi = "10.1093/mnras/stac064",
    journal = "Mon. Not. Roy. Astron. Soc.",
    volume = "511",
    number = "2",
    pages = "1771--1788",
    year = "2022"
}

@article{Trotta2008BayesianAstro,
  author    = {Trotta, Roberto},
  title     = {Bayes in the sky: Bayesian inference and model selection in cosmology},
  journal   = {Contemporary Physics},
  volume    = {49},
  number    = {2},
  pages     = {71--104},
  year      = {2008},
  doi       = {10.1080/00107510802066753}
}

@article{Ivezic2019LSST,
  author    = {Ivezi{\'c}, {\v Z}eljko and Kahn, Steven M. and Tyson, J. Anthony and Abel, B. and Acosta, E. and Allsman, R. and {and others}},
  title     = {{LSST: From Science Drivers to Reference Design and Anticipated Data Products}},
  journal   = {The Astrophysical Journal},
  volume    = {873},
  number    = {2},
  pages     = {111},
  year      = {2019},
  doi       = {10.3847/1538-4357/ab042c}
}

@article{Laureijs2011Euclid,
  author    = {Laureijs, R. and Amiaux, J. and Arduini, S. and Augu{\`e}res, J. L. and Brinchmann, J. and Cole, R. and {and others}},
  title     = {{Euclid Definition Study Report}},
  journal   = {arXiv preprint arXiv:1110.3193},
  year      = {2011},
  eprint    = {1110.3193},
  archivePrefix = {arXiv}
}

@article{Kass1995BayesFactors,
  author    = {Kass, Robert E. and Raftery, Adrian E.},
  title     = {Bayes Factors},
  journal   = {Journal of the American Statistical Association},
  volume    = {90},
  number    = {430},
  pages     = {773--795},
  year      = {1995},
  doi       = {10.2307/2291091}
}

@book{Bellman1961Adaptive,
  author    = {Bellman, Richard E.},
  title     = {Adaptive Control Processes: A Guided Tour},
  publisher = {Princeton University Press},
  year      = {1961}
}

@article{Alsing2020FutureCosmo,
  author    = {Alsing, Justin and Charnock, Tom and Feeney, Stephen and Wandelt, Benjamin},
  title     = {{The future of cosmological data analysis: MCMC and machine learning}},
  journal   = {Physical Review D},
  volume    = {102},
  number    = {4},
  pages     = {043502},
  year      = {2020},
  doi       = {10.1103/PhysRevD.102.043502}
}

@article{Betancourt2017HMC,
  author    = {Betancourt, Michael},
  title     = {{A Conceptual Introduction to Hamiltonian Monte Carlo}},
  journal   = {arXiv preprint arXiv:1701.02434},
  year      = {2017},
  eprint    = {1701.02434},
  archivePrefix = {arXiv}
}

@article{Goodman2010Ensemble,
  author    = {Goodman, Jonathan and Weare, Jonathan},
  title     = {Ensemble samplers with affine invariance},
  journal   = {Communications in Applied Mathematics and Computational Science},
  volume    = {5},
  number    = {1},
  pages     = {65--80},
  year      = {2010},
  doi       = {10.2140/camcos.2010.5.65}
}

@article{Blei2017VIReview,
  author    = {Blei, David M. and Kucukelbir, Alp and McAuliffe, Jon D.},
  title     = {Variational Inference: A Review for Statisticians},
  journal   = {Journal of the American Statistical Association},
  volume    = {112},
  number    = {518},
  pages     = {859--877},
  year      = {2017},
  doi       = {10.1080/01621459.2017.1285773}
}

@incollection{Heavens2017EvidenceChallenges,
  author    = {Heavens, Alan},
  title     = {Model selection in cosmology},
  booktitle = {Statistics, Data Mining and Machine Learning in Astronomy},
  editor    = {{\v Z}. Ivezi{\'c} and A. Connolly and J. VanderPlas and A. Gray},
  publisher = {CRC Press},
  year      = {2014},
  pages     = {551--570}
}

@article{Buchner2023NSReview,
  author    = {Buchner, Johannes},
  title     = {{Nested sampling for astrophysical data analysis and N-body simulations}},
  journal   = {Statistics and Computing},
  volume    = {33},
  number    = {1},
  pages     = {18},
  year      = {2023},
  doi       = {10.1007/s11222-022-10183-y}
}

@article{Ford2009GPUAstro,
  author    = {Ford, Eric B.},
  title     = {{Applications of Graphics Processing Units in Astrophysics}},
  journal   = {Publications of the Astronomical Society of the Pacific},
  volume    = {121},
  number    = {882},
  pages     = {707--725},
  year      = {2009},
  doi       = {10.1086/605499}
}


@article{Mukherjee2006NSCosmo,
  author    = {Mukherjee, P. and Parkinson, D. and Liddle, A. R.},
  title     = {{A Nested Sampling Algorithm for Cosmological Model Selection}},
  journal   = {The Astrophysical Journal Letters},
  volume    = {638},
  number    = {2},
  pages     = {L51--L54},
  year      = {2006},
  doi       = {10.1086/501068}
}

@article{Feroz2009MultiNest,
  author    = {Feroz, F. and Hobson, M. P. and Bridges, M.},
  title     = {{MultiNest: an efficient and robust Bayesian inference tool for cosmology and particle physics}},
  journal   = {Monthly Notices of the Royal Astronomical Society},
  volume    = {398},
  number    = {4},
  pages     = {1601--1614},
  year      = {2009},
  doi       = {10.1111/j.1365-2966.2009.14548.x}
}

% --- Placeholder Citations ---
% You will need to find the full details for these to create proper BibTeX entries.

@article{He2022GigaLens,
  author    = {He, Qiuhan and Shajib, Anowar J. and others},
  title     = {{GIGA-Lens: A Gradient-Informed, GPU-Accelerated Bayesian Framework for Modeling Strong Gravitational Lensing Systems}},
  journal   = {The Astrophysical Journal},
  volume    = {930},
  number    = {2},
  pages     = {163},
  year      = {2022},
  doi       = {10.3847/1538-4357/ac6510},
  eprint    = {2110.06988},
  archivePrefix = {arXiv},
  primaryClass = {astro-ph.CO},
}

@article{FrontiersBayes2024,
  author    = {Andreani, Paola and Covone, Giovanni and Polenta, Giselda and Sereno, Mauro},
  title     = {{Bayesian inference: more than Bayes's theorem}},
  journal   = {Frontiers in Astronomy and Space Sciences},
  volume    = {11},
  pages     = {1326926},
  year      = {2024},
  doi       = {10.3389/fspas.2024.1326926},
}

@article{jaxcosmo,
author = {Campagne, Jean-Eric and Lanusse, François and Zuntz, Joe and Boucaud, Alexandre and Casas, Santiago and Karamanis, Minas and Kirkby, David and Lanzieri, Denise and Peel, Austin and Li, Yin},
year = {2023},
month = {04},
pages = {},
title = {JAX-COSMO: An End-to-End Differentiable and GPU Accelerated Cosmology Library},
volume = {6},
journal = {The Open Journal of Astrophysics},
doi = {10.21105/astro.2302.05163}
}

@article{Dupourqu__2024,
   title={jaxspec: A fast and robust Python library for X-ray spectral fitting},
   volume={690},
   ISSN={1432-0746},
   url={http://dx.doi.org/10.1051/0004-6361/202451736},
   DOI={10.1051/0004-6361/202451736},
   journal={Astronomy \& Astrophysics},
   publisher={EDP Sciences},
   author={Dupourqué, S. and Barret, D. and Diez, C. M. and Guillot, S. and Quintin, E.},
   year={2024},
   month=oct, pages={A317} }


@misc{VIacceleration,
      title={Variational Inference for Acceleration of SN Ia Photometric Distance Estimation with BayeSN}, 
      author={Ana Sofía M. Uzsoy and Stephen Thorp and Matthew Grayling and Kaisey S. Mandel},
      year={2024},
      eprint={2405.06013},
      archivePrefix={arXiv},
      primaryClass={astro-ph.IM},
      url={https://arxiv.org/abs/2405.06013}, 
}

@article{Piras_2023,
   title={CosmoPower-JAX: high-dimensional Bayesian inference with differentiable cosmological emulators},
   volume={6},
   ISSN={2565-6120},
   url={http://dx.doi.org/10.21105/astro.2305.06347},
   DOI={10.21105/astro.2305.06347},
   journal={The Open Journal of Astrophysics},
   publisher={Maynooth University},
   author={Piras, Davide and Spurio Mancini, Alessio},
   year={2023},
   month=jun }

@misc{GPUacc,
      title={GPU-accelerated LISA parameter estimation with full time domain response}, 
      author={Cecilio García-Quirós and Shubhanshu Tiwari and Stanislav Babak},
      year={2025},
      eprint={2501.08261},
      archivePrefix={arXiv},
      primaryClass={gr-qc},
      url={https://arxiv.org/abs/2501.08261}, 
}

@article{Higson2024MultiNestNotes,
  author    = {Higson, Edward},
  title     = {{Notes on the Practical Application of Nested Sampling: MultiNest, (non)convergence, and rectification}},
  journal   = {arXiv e-prints},
  year      = {2024},
  eid       = {arXiv:2404.16928},
  eprint    = {2404.16928},
  archivePrefix = {arXiv},
  primaryClass = {astro-ph.IM},
}
@article{Neal2003SliceSampling,
  author  = {Neal, Radford M.},
  title   = {Slice Sampling},
  journal = {The Annals of Statistics},
  volume  = {31},
  number  = {3},
  pages   = {705--767},
  year    = {2003}
}
}
@article{Piras2023CosmoPowerJAX,
    author = {{Piras}, Davide and {Spurio Mancini}, Alessio},
    title = "{CosmoPower-JAX: high-dimensional Bayesian inference with differentiable cosmological emulators}",
    journal = {The Open Journal of Astrophysics},
    volume = {6},
    year = {2023},
    eid = {20},
    pages = {20},
    doi = {10.21105/astro.2305.06347},
    archivePrefix = {arXiv},
    eprint = {2305.06347}
}
@article{Ashton_2022,
   title={Nested sampling for physical scientists},
   volume={2},
   ISSN={2662-8449},
   url={http://dx.doi.org/10.1038/s43586-022-00121-x},
   DOI={10.1038/s43586-022-00121-x},
   number={1},
   journal={Nature Reviews Methods Primers},
   publisher={Springer Science and Business Media LLC},
   author={Ashton, Greg and Bernstein, Noam and Buchner, Johannes and Chen, Xi and Csányi, Gábor and Fowlie, Andrew and Feroz, Farhan and Griffiths, Matthew and Handley, Will and Habeck, Michael and Higson, Edward and Hobson, Michael and Lasenby, Anthony and Parkinson, David and Pártay, Livia B. and Pitkin, Matthew and Schneider, Doris and Speagle, Joshua S. and South, Leah and Veitch, John and Wacker, Philipp and Wales, David J. and Yallup, David},
   year={2022},
   month=may }

}
@misc{polanska2025learnedharmonicmeanestimation,
      title={Learned harmonic mean estimation of the Bayesian evidence with normalizing flows}, 
      author={Alicja Polanska and Matthew A. Price and Davide Piras and Alessio Spurio Mancini and Jason D. McEwen},
      year={2025},
      eprint={2405.05969},
      archivePrefix={arXiv},
      primaryClass={astro-ph.IM},
      url={https://arxiv.org/abs/2405.05969}, 
}

@misc{mcewen2023machinelearningassistedbayesian,
      title={Machine learning assisted Bayesian model comparison: learnt harmonic mean estimator}, 
      author={Jason D. McEwen and Christopher G. R. Wallis and Matthew A. Price and Alessio Spurio Mancini},
      year={2021},
      eprint={2111.12720},
      archivePrefix={arXiv},
      primaryClass={stat.ME},
      url={https://arxiv.org/abs/2111.12720}, 
}
@article{Piras_2024,
   title={The future of cosmological likelihood-based inference: accelerated high-dimensional parameter estimation and model comparison},
   volume={7},
   ISSN={2565-6120},
   url={http://dx.doi.org/10.33232/001c.123368},
   DOI={10.33232/001c.123368},
   journal={The Open Journal of Astrophysics},
   publisher={Maynooth University},
   author={Piras, Davide and Polanska, Alicja and Mancini, Alessio Spurio and Price, Matthew A. and McEwen, Jason D.},
   year={2024},
   month=sep }

@ARTICLE{polychord,
       author = {{Handley}, W.~J. and {Hobson}, M.~P. and {Lasenby}, A.~N.},
        title = "{POLYCHORD: next-generation nested sampling}",
      journal = {mnras},
     keywords = {methods: data analysis, methods: statistical, Astrophysics - Instrumentation and Methods for Astrophysics},
         year = 2015,
        month = nov,
       volume = {453},
       number = {4},
        pages = {4384-4398},
          doi = {10.1093/mnras/stv1911},
archivePrefix = {arXiv},
       eprint = {1506.00171},
 primaryClass = {astro-ph.IM},
       adsurl = {https://ui.adsabs.harvard.edu/abs/2015MNRAS.453.4384H},
      adsnote = {Provided by the SAO/NASA Astrophysics Data System}
}
@article{Polychord2,
	doi = {10.1093/mnrasl/slv047},
  
	year = 2015,
	month = {apr},
  
	publisher = {Oxford University Press ({OUP})},
  
	volume = {450},
  
	number = {1},
  
	pages = {L61--L65},
  
	author = {W. J. Handley and M. P. Hobson and A. N. Lasenby},
  
	title = {polychord: nested sampling for cosmology},
  
	journal = {Monthly Notices of the Royal Astronomical Society: Letters}
}
@article{Trotta_2008,
   title={Bayes in the sky: Bayesian inference and model selection in cosmology},
   volume={49},
   ISSN={1366-5812},
   DOI={10.1080/00107510802066753},
   number={2},
   journal={Contemporary Physics},
   publisher={Informa UK Limited},
   author={Trotta, Roberto},
   year={2008},
   month=mar, pages={71–104} }
@ARTICLE{Vera,
       author = {{Ivezi{\'c}}, {\v{Z}}eljko and others},
        title = "{LSST: From Science Drivers to Reference Design and Anticipated Data Products}",
      journal = {apj},
     keywords = {astrometry, cosmology: observations, Galaxy: general, methods: observational, stars: general, surveys, Astrophysics},
         year = 2019,
        month = mar,
       volume = {873},
       number = {2},
          eid = {111},
        pages = {111},
          doi = {10.3847/1538-4357/ab042c},
archivePrefix = {arXiv},
       eprint = {0805.2366},
 primaryClass = {astro-ph},
       adsurl = {https://ui.adsabs.harvard.edu/abs/2019ApJ...873..111I},
      adsnote = {Provided by the SAO/NASA Astrophysics Data System}
}
@ARTICLE{nancy,
       author = {{Spergel}, D. and others},
        title = "{Wide-Field InfrarRed Survey Telescope-Astrophysics Focused Telescope Assets WFIRST-AFTA 2015 Report}",
      journal = {arXiv e-prints},
     keywords = {Astrophysics - Instrumentation and Methods for Astrophysics},
         year = 2015,
        month = mar,
          eid = {arXiv:1503.03757},
        pages = {arXiv:1503.03757},
          doi = {10.48550/arXiv.1503.03757},
archivePrefix = {arXiv},
       eprint = {1503.03757},
 primaryClass = {astro-ph.IM},
       adsurl = {https://ui.adsabs.harvard.edu/abs/2015arXiv150303757S},
      adsnote = {Provided by the SAO/NASA Astrophysics Data System}
}
@ARTICLE{euclid,
       author = {{Laureijs}, R. and {Amiaux}, J. and others},
        title = "{Euclid Definition Study Report}",
      journal = {arXiv e-prints},
     keywords = {Astrophysics - Cosmology and Extragalactic Astrophysics, Astrophysics - Galaxy Astrophysics},
         year = 2011,
        month = oct,
          eid = {arXiv:1110.3193},
        pages = {arXiv:1110.3193},
          doi = {10.48550/arXiv.1110.3193},
archivePrefix = {arXiv},
       eprint = {1110.3193},
 primaryClass = {astro-ph.CO},
       adsurl = {https://ui.adsabs.harvard.edu/abs/2011arXiv1110.3193L},
      adsnote = {Provided by the SAO/NASA Astrophysics Data System}
}
@article{Lovick:2023tnv,
    author = "Lovick, Toby and Dhawan, Suhail and Handley, Will",
    title = "{Non-Gaussian likelihoods for Type Ia supernova cosmology: implications for dark energy and H0}",
    eprint = "2312.02075",
    archivePrefix = "arXiv",
    primaryClass = "astro-ph.CO",
    doi = "10.1093/mnras/stae2617",
    journal = "Mon. Not. Roy. Astron. Soc.",
    volume = "536",
    number = "1",
    pages = "234--246",
    year = "2024"
}
@inproceedings{NSSyallup,
  title     = {Nested Slice Sampling},
  author    = {Yallup, David and Kroupa, Namu and Handley, Will},
  booktitle = {International Conference on Learning Representations (ICLR)},
  year      = {2025},
  url       = {https://openreview.net/forum?id=ekbkMSuPo4},
  note      = {Submitted to ICLR 2024}
}
@article{Gu_2022,
   title={GIGA-Lens: Fast Bayesian Inference for Strong Gravitational Lens Modeling},
   volume={935},
   ISSN={1538-4357},
   url={http://dx.doi.org/10.3847/1538-4357/ac6de4},
   DOI={10.3847/1538-4357/ac6de4},
   number={1},
   journal={The Astrophysical Journal},
   publisher={American Astronomical Society},
   author={Gu, A. and Huang, X. and Sheu, W. and Aldering, G. and Bolton, A. S. and Boone, K. and Dey, A. and Filipp, A. and Jullo, E. and Perlmutter, S. and Rubin, D. and Schlafly, E. F. and Schlegel, D. J. and Shu, Y. and Suyu, S. H.},
   year={2022},
   month=aug, pages={49} }
@article{LoVerde_2008,
   title={Extended Limber approximation},
   volume={78},
   ISSN={1550-2368},
   url={http://dx.doi.org/10.1103/PhysRevD.78.123506},
   DOI={10.1103/physrevd.78.123506},
   number={12},
   journal={Physical Review D},
   publisher={American Physical Society (APS)},
   author={LoVerde, Marilena and Afshordi, Niayesh},
   year={2008},
   month=dec }
@article{Kilbinger_2015,
   title={Cosmology with cosmic shear observations: a review},
   volume={78},
   ISSN={1361-6633},
   url={http://dx.doi.org/10.1088/0034-4885/78/8/086901},
   DOI={10.1088/0034-4885/78/8/086901},
   number={8},
   journal={Reports on Progress in Physics},
   publisher={IOP Publishing},
   author={Kilbinger, Martin},
   year={2015},
   month=jul, pages={086901} }
@article{planck,
   title={Planck2018 results: VI. Cosmological parameters},
   volume={641},
   ISSN={1432-0746},
   url={http://dx.doi.org/10.1051/0004-6361/201833910},
   DOI={10.1051/0004-6361/201833910},
   journal={Astronomy \& Astrophysics},
   publisher={EDP Sciences},
    author = {{Planck Collaboration} and others},
   year={2020},
   month=sep, pages={A6} }
@article{hoffman14a,
  author  = {Matthew D. Hoffman and Andrew Gelman},
  title   = {The No-U-Turn Sampler: Adaptively Setting Path Lengths in Hamiltonian Monte Carlo},
  journal = {Journal of Machine Learning Research},
  year    = {2014},
  volume  = {15},
  number  = {47},
  pages   = {1593--1623},
  url     = {http://jmlr.org/papers/v15/hoffman14a.html}
}
@misc{betancourt2018,
      title={A Conceptual Introduction to Hamiltonian Monte Carlo}, 
      author={Michael Betancourt},
      year={2018},
      eprint={1701.02434},
      archivePrefix={arXiv},
      primaryClass={stat.ME},
      url={https://arxiv.org/abs/1701.02434}, 
}
@article{hirata_04,
  title = {Intrinsic alignment-lensing interference as a contaminant of cosmic shear},
  author = {Hirata, Christopher M. and Seljak, Uro\ifmmode \check{s}\else \v{s}\fi{}},
  journal = {Phys. Rev. D},
  volume = {70},
  issue = {6},
  pages = {063526},
  numpages = {11},
  year = {2004},
  month = {Sep},
  publisher = {American Physical Society},
  doi = {10.1103/PhysRevD.70.063526},
  url = {https://link.aps.org/doi/10.1103/PhysRevD.70.063526}
}


@article{DES:2021wwk,
    author = "Abbott, T. M. C. and others",
    collaboration = "DES",
    title = "{Dark Energy Survey Year 3 results: Cosmological constraints from galaxy clustering and weak lensing}",
    eprint = "2105.13549",
    archivePrefix = "arXiv",
    primaryClass = "astro-ph.CO",
    reportNumber = "FERMILAB-PUB-21-221-AE, DES-2020-0617",
    doi = "10.1103/PhysRevD.105.023520",
    journal = "Phys. Rev. D",
    volume = "105",
    number = "2",
    pages = "023520",
    year = "2022"
}


@article{neal_slice_2003,
	title = {Slice sampling},
	volume = {31},
	url = {https://doi.org/10.1214/aos/1056562461},
	doi = {10.1214/aos/1056562461},
	number = {3},
	journal = {The Annals of Statistics},
	author = {Neal, Radford M.},
	year = {2003},
	note = {Publisher: Institute of Mathematical Statistics},
	keywords = {Adaptive methods, auxiliary variables, dynamical methods, Gibbs sampling, Markov chain Monte Carlo, Metropolis algorithm, overrelaxation},
	pages = {705 -- 767},
}

@inproceedings{hoffman_tuning-free_2022,
	series = {Proceedings of {Machine} {Learning} {Research}},
	title = {Tuning-{Free} {Generalized} {Hamiltonian} {Monte} {Carlo}},
	volume = {151},
	url = {https://proceedings.mlr.press/v151/hoffman22a.html},
	abstract = {Hamiltonian Monte Carlo (HMC) has become a go-to family of Markov chain Monte Carlo (MCMC) algorithms for Bayesian inference problems, in part because we have good procedures for automatically tuning its parameters. Much less attention has been paid to automatic tuning of generalized HMC (GHMC), in which the auxiliary momentum vector is partially updated frequently instead of being completely resampled infrequently. Since GHMC spreads progress over many iterations, it is not straightforward to tune GHMC based on quantities typically used to tune HMC such as average acceptance rate and squared jumped distance. In this work, we propose an ensemble-chain adaptation (ECA) algorithm for GHMC that automatically selects values for all of GHMC’s tunable parameters each iteration based on statistics collected from a population of many chains. This algorithm is designed to make good use of SIMD hardware accelerators such as GPUs, allowing most chains to be updated in parallel each iteration. Unlike typical adaptive-MCMC algorithms, our ECA algorithm does not perturb the chain’s stationary distribution, and therefore does not need to be “frozen” after warmup. Empirically, we find that the proposed algorithm quickly converges to its stationary distribution, producing accurate estimates of posterior expectations with relatively few gradient evaluations per chain.},
	booktitle = {Proceedings of {The} 25th {International} {Conference} on {Artificial} {Intelligence} and {Statistics}},
	publisher = {PMLR},
	author = {Hoffman, Matthew D. and Sountsov, Pavel},
	editor = {Camps-Valls, Gustau and Ruiz, Francisco J. R. and Valera, Isabel},
	month = mar,
	year = {2022},
	pages = {7799--7813},
}

@inproceedings{hoffman_adaptive-mcmc_2021,
	series = {Proceedings of {Machine} {Learning} {Research}},
	title = {An {Adaptive}-{MCMC} {Scheme} for {Setting} {Trajectory} {Lengths} in {Hamiltonian} {Monte} {Carlo}},
	volume = {130},
	url = {https://proceedings.mlr.press/v130/hoffman21a.html},
	abstract = {Hamiltonian Monte Carlo (HMC) is a powerful MCMC algorithm based on simulating Hamiltonian dynamics. Its performance depends strongly on choosing appropriate values for two parameters: the step size used in the simulation, and how long the simulation runs for. The step-size parameter can be tuned using standard adaptive-MCMC strategies, but it is less obvious how to tune the simulation-length parameter. The no-U-turn sampler (NUTS) eliminates this problematic simulation-length parameter, but NUTS’s relatively complex control flow makes it difficult to efficiently run many parallel chains on accelerators such as GPUs. NUTS also spends some extra gradient evaluations relative to HMC in order to decide how long to run each iteration without violating detailed balance. We propose ChEES-HMC, a simple adaptive-MCMC scheme for automatically tuning HMC’s simulation-length parameter, which minimizes a proxy for the autocorrelation of the state’s second moments. We evaluate ChEES-HMC and NUTS on many tasks, and find that ChEES-HMC typically yields larger effective sample sizes per gradient evaluation than NUTS does. When running many chains on a GPU, ChEES-HMC can also run significantly more gradient evaluations per second than NUTS, allowing it to quickly provide accurate estimates of posterior expectations.},
	booktitle = {Proceedings of {The} 24th {International} {Conference} on {Artificial} {Intelligence} and {Statistics}},
	publisher = {PMLR},
	author = {Hoffman, Matthew and Radul, Alexey and Sountsov, Pavel},
	editor = {Banerjee, Arindam and Fukumizu, Kenji},
	month = apr,
	year = {2021},
	pages = {3907--3915},
}


@misc{cabezas_blackjax_2024,
	title = {{BlackJAX}: {Composable} {Bayesian} inference in {JAX}},
	author = {Cabezas, Alberto and Corenflos, Adrien and Lao, Junpeng and Louf, Rémi},
	year = {2024},
	note = {\_eprint: 2402.10797},
}

@misc{deepmind_deepmind_2020,
	title = {The {DeepMind} {JAX} {Ecosystem}},
	url = {http://github.com/google-deepmind},
	author = {Babuschkin, Igor and Baumli, Kate and Bell, Alison and Bhupatiraju, Surya and Bruce, Jake and Buchlovsky, Peter and Budden, David and Cai, Trevor and Clark, Aidan and Danihelka, Ivo and Dedieu, Antoine and Fantacci, Claudio and Godwin, Jonathan and Jones, Chris and Hemsley, Ross and Hennigan, Tom and Hessel, Matteo and Hou, Shaobo and Kapturowski, Steven and Keck, Thomas and Kemaev, Iurii and King, Michael and Kunesch, Markus and Martens, Lena and Merzic, Hamza and Mikulik, Vladimir and Norman, Tamara and Papamakarios, George and Quan, John and Ring, Roman and Ruiz, Francisco and Sanchez, Alvaro and Sartran, Laurent and Schneider, Rosalia and Sezener, Eren and Spencer, Stephen and Srinivasan, Srivatsan and Stanojević, Miloš and Stokowiec, Wojciech and Wang, Luyu and Zhou, Guangyao and Viola, Fabio},
	year = {2020},
}


@book{doucet_introduction_2001,
	title = {An introduction to sequential {Monte} {Carlo} methods},
	url = {https://www.stats.ox.ac.uk/~doucet/doucet_defreitas_gordon_smcbookintro.pdf},
	publisher = {Springer Science \& Business Media},
	author = {Doucet, Arnaud and De Freitas, Nando and Gordon, Neil},
	year = {2001},
	annote = {Accessed: 2024-08-21},
}

@article{Trotta07,
    author = {Trotta, Roberto},
    title = {Applications of Bayesian model selection to cosmological parameters},
    journal = {Monthly Notices of the Royal Astronomical Society},
    volume = {378},
    number = {1},
    pages = {72-82},
    year = {2007},
    month = {05},
    abstract = {Bayesian model selection is a tool for deciding whether the introduction of a new parameter is warranted by the data. I argue that the usual sampling statistic significance tests for a null hypothesis can be misleading, since they do not take into account the information gained through the data, when updating the prior distribution to the posterior. In contrast, Bayesian model selection offers a quantitative implementation of Occam's razor.I introduce the Savage–Dickey density ratio, a computationally quick method to determine the Bayes factor of two nested models and hence perform model selection. As an illustration, I consider three key parameters for our understanding of the cosmological concordance model. By using Wilkinson Microwave Anisotropy Probe (WMAP) 3-year data complemented by other cosmological measurements, I show that a non-scale-invariant spectral index of perturbations is favoured for any sensible choice of prior. It is also found that a flat universe is favoured with odds of 29:1 over non-flat models, and that there is strong evidence against a cold dark matter isocurvature component to the initial conditions which is totally (anti)correlated with the adiabatic mode (odds of about 2000:1), but that this is strongly dependent on the prior adopted.These results are contrasted with the analysis of WMAP 1-year data, which were not informative enough to allow a conclusion as to the status of the spectral index. In a companion paper, a new technique to forecast the Bayes factor of a future observation is presented.},
    issn = {0035-8711},
    doi = {10.1111/j.1365-2966.2007.11738.x},
    url = {https://doi.org/10.1111/j.1365-2966.2007.11738.x},
    eprint = {https://academic.oup.com/mnras/article-pdf/378/1/72/3961005/mnras0378-0072.pdf},
}

@article{Duane87,
title = {Hybrid Monte Carlo},
journal = {Physics Letters B},
volume = {195},
number = {2},
pages = {216-222},
year = {1987},
issn = {0370-2693},
doi = {https://doi.org/10.1016/0370-2693(87)91197-X},
url = {https://www.sciencedirect.com/science/article/pii/037026938791197X},
author = {Simon Duane and A.D. Kennedy and Brian J. Pendleton and Duncan Roweth},
abstract = {We present a new method for the numerical simulation of lattice field theory. A hybrid (molecular dynamics/Langevin) algorithm is used to guide a Monte Carlo simulation. There are no discretization errors even for large step sizes. The method is especially efficient for systems such as quantum chromodynamics which contain fermionic degrees of freedom. Detailed results are presented for four-dimensional compact quantum electrodynamics including the dynamical effects of electrons.}
}

@book{Neal96,
  added-at = {2009-10-27T06:49:28.000+0100},
  author = {Neal, R. M.},
  biburl = {https://www.bibsonomy.org/bibtex/2b0ce4ccf4f2e16dec0310bd85da9a819/chrmina},
  description = {Thesis BIB},
  interhash = {f8c488c658831d8ea3a407fe31d12faf},
  intrahash = {b0ce4ccf4f2e16dec0310bd85da9a819},
  keywords = {imported},
  publisher = {Springer-Verlag},
  timestamp = {2009-10-27T06:49:30.000+0100},
  title = {Bayesian Learning for Neural Networks, Vol. 118 of Lecture Notes in Statistics},
  year = 1996
}

@MISC{Lewis11,
       author = {{Lewis}, Antony and {Challinor}, Anthony},
        title = "{CAMB: Code for Anisotropies in the Microwave Background}",
     keywords = {Software},
 howpublished = {Astrophysics Source Code Library, record ascl:1102.026},
         year = 2011,
        month = feb,
          eid = {ascl:1102.026},
        pages = {ascl:1102.026},
archivePrefix = {ascl},
       eprint = {1102.026},
       adsurl = {https://ui.adsabs.harvard.edu/abs/2011ascl.soft02026L},
      adsnote = {Provided by the SAO/NASA Astrophysics Data System}
}
@article{EuclidForecasts,
   title={Euclid preparation: VII. Forecast validation for Euclid cosmological probes},
   volume={642},
   ISSN={1432-0746},
   url={http://dx.doi.org/10.1051/0004-6361/202038071},
   DOI={10.1051/0004-6361/202038071},
   journal={Astronomy \& Astrophysics},
   publisher={EDP Sciences},
   author={Blanchard, A. and Camera, S. and others},
   year={2020},
   month=oct, pages={A191} }


@article{lemos_improving_2023,
	title = {Improving {Gradient}-guided {Nested} {Sampling} for {Posterior} {Inference}},
	volume = {abs/2312.03911},
	url = {https://api.semanticscholar.org/CorpusID:266051611},
	journal = {ArXiv},
	author = {Lemos, Pablo and Malkin, Nikolay and Handley, Will and Bengio, Yoshua and Hezaveh, Yashar D. and Perreault-Levasseur, Laurence},
	year = {2023},
}


@inproceedings{betancourt_nested_2011,
	title = {Nested {Sampling} with {Constrained} {Hamiltonian} {Monte} {Carlo}},
	url = {https://doi.org/10.1063%2F1.3573613},
	doi = {10.1063/1.3573613},
	booktitle = {{AIP} {Conference} {Proceedings}},
	publisher = {AIP},
	author = {Betancourt, Michael and Mohammad-Djafari, Ali and Bercher, Jean-Francois and Bessiere, Pierre},
	year = {2011},
}

@book{chopin2020introduction,
  title={An Introduction to Sequential Monte Carlo},
  author={Chopin, N. and Papaspiliopoulos, O.},
  isbn={9783030478452},
  series={Springer Series in Statistics},
  url={https://books.google.co.uk/books?id=ZZEAEAAAQBAJ},
  year={2020},
  publisher={Springer International Publishing}
}

@misc{albert2020jaxnshighperformancenestedsampling,
  title         = {JAXNS: a high-performance nested sampling package based on JAX},
  author        = {Joshua G. Albert},
  year          = {2020},
  eprint        = {2012.15286},
  archiveprefix = {arXiv},
  primaryclass  = {astro-ph.IM},
  url           = {https://arxiv.org/abs/2012.15286}
}

@misc{buchner2021ultranestrobustgeneral,
  title         = {UltraNest -- a robust, general purpose Bayesian inference engine},
  author        = {Johannes Buchner},
  year          = {2021},
  eprint        = {2101.09604},
  archiveprefix = {arXiv},
  primaryclass  = {stat.CO},
  url           = {https://arxiv.org/abs/2101.09604}
}

@article{Speagle_2020,
  title     = {dynesty: a dynamic nested sampling package for estimating Bayesian posteriors and evidences},
  volume    = {493},
  issn      = {1365-2966},
  url       = {http://dx.doi.org/10.1093/mnras/staa278},
  doi       = {10.1093/mnras/staa278},
  number    = {3},
  journal   = {Monthly Notices of the Royal Astronomical Society},
  publisher = {Oxford University Press (OUP)},
  author    = {Speagle, Joshua S},
  year      = {2020},
  month     = feb,
  pages     = {3132–3158}
}

@misc{jacob2017quantizationtrainingneuralnetworks,
      title={Quantization and Training of Neural Networks for Efficient Integer-Arithmetic-Only Inference}, 
      author={Benoit Jacob and Skirmantas Kligys and Bo Chen and Menglong Zhu and Matthew Tang and Andrew Howard and Hartwig Adam and Dmitry Kalenichenko},
      year={2017},
      eprint={1712.05877},
      archivePrefix={arXiv},
      primaryClass={cs.LG},
      url={https://arxiv.org/abs/1712.05877}, 
}

@article{hoffmanVI,
  author  = {Matthew D. Hoffman and David M. Blei and Chong Wang and John Paisley},
  title   = {Stochastic Variational Inference},
  journal = {Journal of Machine Learning Research},
  year    = {2013},
  volume  = {14},
  number  = {40},
  pages   = {1303--1347},
  url     = {http://jmlr.org/papers/v14/hoffman13a.html}
}
@article{Alsing_2020,
   title={SPECULATOR: Emulating Stellar Population Synthesis for Fast and Accurate Galaxy Spectra and Photometry},
   volume={249},
   ISSN={1538-4365},
   url={http://dx.doi.org/10.3847/1538-4365/ab917f},
   DOI={10.3847/1538-4365/ab917f},
   number={1},
   journal={The Astrophysical Journal Supplement Series},
   publisher={American Astronomical Society},
   author={Alsing, Justin and Peiris, Hiranya and Leja, Joel and Hahn, ChangHoon and Tojeiro, Rita and Mortlock, Daniel and Leistedt, Boris and Johnson, Benjamin D. and Conroy, Charlie},
   year={2020},
   month=jun, pages={5} }

@article{Blei_2017,
   title={Variational Inference: A Review for Statisticians},
   volume={112},
   ISSN={1537-274X},
   url={http://dx.doi.org/10.1080/01621459.2017.1285773},
   DOI={10.1080/01621459.2017.1285773},
   number={518},
   journal={Journal of the American Statistical Association},
   publisher={Informa UK Limited},
   author={Blei, David M. and Kucukelbir, Alp and McAuliffe, Jon D.},
   year={2017},
   month=apr, pages={859–877} }

@article{DISCO,
   title={DISCO-DJ I: a differentiable Einstein-Boltzmann solver for cosmology},
   volume={2024},
   ISSN={1475-7516},
   url={http://dx.doi.org/10.1088/1475-7516/2024/06/063},
   DOI={10.1088/1475-7516/2024/06/063},
   number={06},
   journal={Journal of Cosmology and Astroparticle Physics},
   publisher={IOP Publishing},
   author={Hahn, Oliver and List, Florian and Porqueres, Natalia},
   year={2024},
   month=jun, pages={063} }

@misc{jax2018github,
  author = {James Bradbury and Roy Frostig and Peter Hawkins and Matthew James Johnson and Chris Leary and Dougal Maclaurin and George Necula and Adam Paszke and Jake Vander{P}las and Skye Wanderman-{M}ilne and Qiao Zhang},
  title = {{JAX}: composable transformations of {P}ython+{N}um{P}y programs},
  url = {http://github.com/jax-ml/jax},
  version = {0.3.13},
  year = {2018},
}

@misc{kingma2017adammethodstochasticoptimization,
      title={Adam: A Method for Stochastic Optimization}, 
      author={Diederik P. Kingma and Jimmy Ba},
      year={2017},
      eprint={1412.6980},
      archivePrefix={arXiv},
      primaryClass={cs.LG},
      url={https://arxiv.org/abs/1412.6980}, 
}

@misc{zhang2022pathfinderparallelquasinewtonvariational,
      title={Pathfinder: Parallel quasi-Newton variational inference}, 
      author={Lu Zhang and Bob Carpenter and Andrew Gelman and Aki Vehtari},
      year={2022},
      eprint={2108.03782},
      archivePrefix={arXiv},
      primaryClass={stat.ML},
      url={https://arxiv.org/abs/2108.03782}, 
}

@article{Cai_2022,
   title={Proximal nested sampling for high-dimensional Bayesian model selection},
   volume={32},
   ISSN={1573-1375},
   url={http://dx.doi.org/10.1007/s11222-022-10152-9},
   DOI={10.1007/s11222-022-10152-9},
   number={5},
   journal={Statistics and Computing},
   publisher={Springer Science and Business Media LLC},
   author={Cai, Xiaohao and McEwen, Jason D. and Pereyra, Marcelo},
   year={2022},
   month=oct }

@article{CPL,
   title={ACCELERATING UNIVERSES WITH SCALING DARK MATTER},
   volume={10},
   ISSN={1793-6594},
   url={http://dx.doi.org/10.1142/S0218271801000822},
   DOI={10.1142/s0218271801000822},
   number={02},
   journal={International Journal of Modern Physics D},
   publisher={World Scientific Pub Co Pte Lt},
   author={Chevallier, Michel and Polarski, David},
   year={2001},
   month=apr, pages={213–223} }

@misc{bayer2023fieldlevelinferencemicrocanonicallangevin,
      title={Field-Level Inference with Microcanonical Langevin Monte Carlo}, 
      author={Adrian E. Bayer and Uros Seljak and Chirag Modi},
      year={2023},
      eprint={2307.09504},
      archivePrefix={arXiv},
      primaryClass={astro-ph.CO},
      url={https://arxiv.org/abs/2307.09504}, 
}

@article{Eifler,
    author = {Eifler, Tim and others},
    title = {Cosmology with the Roman Space Telescope: synergies with the Rubin Observatory Legacy Survey of Space and Time},
    journal = {Monthly Notices of the Royal Astronomical Society},
    volume = {507},
    number = {1},
    pages = {1514-1527},
    year = {2021},
    month = {03},
    issn = {0035-8711},
    doi = {10.1093/mnras/stab533},
    url = {https://doi.org/10.1093/mnras/stab533},
    eprint = {https://academic.oup.com/mnras/article-pdf/507/1/1514/40075989/stab533.pdf},
}

@article{Balkenhol_2024,
   title={candl: cosmic microwave background analysis with a differentiable likelihood},
   volume={686},
   ISSN={1432-0746},
   url={http://dx.doi.org/10.1051/0004-6361/202449432},
   DOI={10.1051/0004-6361/202449432},
   journal={Astronomy \&; Astrophysics},
   publisher={EDP Sciences},
   author={Balkenhol, L. and Trendafilova, C. and Benabed, K. and Galli, S.},
   year={2024},
   month=may, pages={A10} }

@article{BORG,
   title={Bayesian inference of initial conditions from non-linear cosmic structures using field-level emulators},
   volume={535},
   ISSN={1365-2966},
   url={http://dx.doi.org/10.1093/mnras/stae2429},
   DOI={10.1093/mnras/stae2429},
   number={2},
   journal={Monthly Notices of the Royal Astronomical Society},
   publisher={Oxford University Press (OUP)},
   author={Doeser, Ludvig and Jamieson, Drew and Stopyra, Stephen and Lavaux, Guilhem and Leclercq, Florent and Jasche, Jens},
   year={2024},
   month=oct, pages={1258–1277} }

@misc{kidslegacy,
      title={KiDS-Legacy: Cosmological constraints from cosmic shear with the complete Kilo-Degree Survey}, 
      author={Angus H. Wright and Benjamin Stölzner and others},
      year={2025},
      eprint={2503.19441},
      archivePrefix={arXiv},
      primaryClass={astro-ph.CO},
      url={https://arxiv.org/abs/2503.19441}, 
}

@article{Manrique_Yus_2019,
   title={Euclid-era cosmology for everyone: Neural net assisted MCMC sampling for the joint 3x2 likelihood},
   ISSN={1365-2966},
   url={http://dx.doi.org/10.1093/mnras/stz3059},
   DOI={10.1093/mnras/stz3059},
   journal={Monthly Notices of the Royal Astronomical Society},
   publisher={Oxford University Press (OUP)},
   author={Manrique-Yus, Andrea and Sellentin, Elena},
   year={2019},
   month=nov }

@article{Albers_2019,
   title={CosmicNet. Part I. Physics-driven implementation of neural networks within Einstein-Boltzmann Solvers},
   volume={2019},
   ISSN={1475-7516},
   url={http://dx.doi.org/10.1088/1475-7516/2019/09/028},
   DOI={10.1088/1475-7516/2019/09/028},
   number={09},
   journal={Journal of Cosmology and Astroparticle Physics},
   publisher={IOP Publishing},
   author={Albers, Jasper and Fidler, Christian and Lesgourgues, Julien and Schöneberg, Nils and Torrado, Jesus},
   year={2019},
   month=sep, pages={028–028} }

@article{Arico_2022,
   title={Accelerating Large-Scale-Structure data analyses by emulating Boltzmann solvers and Lagrangian Perturbation Theory},
   volume={1},
   ISSN={2732-5121},
   url={http://dx.doi.org/10.12688/openreseurope.14310.2},
   DOI={10.12688/openreseurope.14310.2},
   journal={Open Research Europe},
   publisher={F1000 Research Ltd},
   author={Arico’, Giovanni and Angulo, Raul and Zennaro, Matteo},
   year={2022},
   month=jun, pages={152} }

@article{Mootoovaloo_2022,
   title={Kernel-based emulator for the 3D matter power spectrum from CLASS},
   volume={38},
   ISSN={2213-1337},
   url={http://dx.doi.org/10.1016/j.ascom.2021.100508},
   DOI={10.1016/j.ascom.2021.100508},
   journal={Astronomy and Computing},
   publisher={Elsevier BV},
   author={Mootoovaloo, A. and Jaffe, A.H. and Heavens, A.F. and Leclercq, F.},
   year={2022},
   month=jan, pages={100508} }

@article{El_Gammal_2023,
   title={Fast and robust Bayesian inference using Gaussian processes with GPry},
   volume={2023},
   ISSN={1475-7516},
   url={http://dx.doi.org/10.1088/1475-7516/2023/10/021},
   DOI={10.1088/1475-7516/2023/10/021},
   number={10},
   journal={Journal of Cosmology and Astroparticle Physics},
   publisher={IOP Publishing},
   author={El Gammal, Jonas and Schöneberg, Nils and Torrado, Jesús and Fidler, Christian},
   year={2023},
   month=oct, pages={021} }

@ARTICLE{Bonici_2024,
       author = {{Bonici}, Marco and {Biggio}, Luca and {Carbone}, Carmelita and {Guzzo}, Luigi},
        title = "{Fast emulation of two-point angular statistics for photometric galaxy surveys}",
      journal = {\mnras},
     keywords = {Astrophysics - Cosmology and Nongalactic Astrophysics},
         year = 2024,
        month = jul,
       volume = {531},
       number = {4},
        pages = {4203-4211},
          doi = {10.1093/mnras/stae1261},
archivePrefix = {arXiv},
       eprint = {2206.14208},
 primaryClass = {astro-ph.CO},
       adsurl = {https://ui.adsabs.harvard.edu/abs/2024MNRAS.531.4203B},
      adsnote = {Provided by the SAO/NASA Astrophysics Data System}
}

@misc{guenther_2024,
      title={Uncertainty-aware and Data-efficient Cosmological Emulation using Gaussian Processes and PCA}, 
      author={Sven Günther},
      year={2024},
      eprint={2307.01138},
      archivePrefix={arXiv},
      primaryClass={astro-ph.CO},
      url={https://arxiv.org/abs/2307.01138}, 
}

@misc{guenther_2025,
      title={OL\'E -- Online Learning Emulation in Cosmology}, 
      author={Sven Günther and Lennart Balkenhol and Christian Fidler and Ali Rida Khalife and Julien Lesgourgues and Markus R. Mosbech and Ravi Kumar Sharma},
      year={2025},
      eprint={2503.13183},
      archivePrefix={arXiv},
      primaryClass={astro-ph.CO},
      url={https://arxiv.org/abs/2503.13183}, 
}

@misc{polanska2024learnedharmonicmeanestimation,
      title={Learned harmonic mean estimation of the marginal likelihood with normalizing flows}, 
      author={Alicja Polanska and Matthew A. Price and Alessio Spurio Mancini and Jason D. McEwen},
      year={2024},
      eprint={2307.00048},
      archivePrefix={arXiv},
      primaryClass={stat.ME},
      url={https://arxiv.org/abs/2307.00048}, 
}

@misc{lin2025savagedickeydensityratioestimation,
      title={Savage-Dickey density ratio estimation with normalizing flows for Bayesian model comparison}, 
      author={Kiyam Lin and Alicja Polanska and Davide Piras and Alessio Spurio Mancini and Jason D. McEwen},
      year={2025},
      eprint={2506.04339},
      archivePrefix={arXiv},
      primaryClass={astro-ph.CO},
      url={https://arxiv.org/abs/2506.04339}, 
}

@ARTICLE{Euclid_2025,
       author = {{Euclid Collaboration} and {Mellier}, Y. and {Abdurro'uf} and {Acevedo Barroso}, J.~A. and {Ach{\'u}carro}, A. and {Adamek}, J. and {Adam}, R. and {Addison}, G.~E. and {Aghanim}, N. and {Aguena}, M. and {Ajani}, V. and {Akrami}, Y. and {Al-Bahlawan}, A. and {Alavi}, A. and {Albuquerque}, I.~S. and {Alestas}, G. and {Alguero}, G. and {Allaoui}, A. and {Allen}, S.~W. and {Allevato}, V. and {Alonso-Tetilla}, A.~V. and {Altieri}, B. and {Alvarez-Candal}, A. and {Alvi}, S. and {Amara}, A. and {Amendola}, L. and {Amiaux}, J. and {Andika}, I.~T. and {Andreon}, S. and {Andrews}, A. and {Angora}, G. and {Angulo}, R.~E. and {Annibali}, F. and {Anselmi}, A. and {Anselmi}, S. and {Arcari}, S. and {Archidiacono}, M. and {Aric{\`o}}, G. and {Arnaud}, M. and {Arnouts}, S. and {Asgari}, M. and {Asorey}, J. and {Atayde}, L. and {Atek}, H. and {Atrio-Barandela}, F. and {Aubert}, M. and {Aubourg}, E. and {Auphan}, T. and {Auricchio}, N. and {Aussel}, B. and {Aussel}, H. and {Avelino}, P.~P. and {Avgoustidis}, A. and {Avila}, S. and {Awan}, S. and {Azzollini}, R. and {Baccigalupi}, C. and {Bachelet}, E. and {Bacon}, D. and {Baes}, M. and {Bagley}, M.~B. and {Bahr-Kalus}, B. and {Balaguera-Antolinez}, A. and {Balbinot}, E. and {Balcells}, M. and {Baldi}, M. and {Baldry}, I. and {Balestra}, A. and {Ballardini}, M. and {Ballester}, O. and {Balogh}, M. and {Ba{\~n}ados}, E. and {Barbier}, R. and {Bardelli}, S. and {Baron}, M. and {Barreiro}, T. and {Barrena}, R. and {Barriere}, J. -C. and {Barros}, B.~J. and {Barthelemy}, A. and {Bartolo}, N. and {Basset}, A. and {Battaglia}, P. and {Battisti}, A.~J. and {Baugh}, C.~M. and {Baumont}, L. and {Bazzanini}, L. and {Beaulieu}, J. -P. and {Beckmann}, V. and {Belikov}, A.~N. and {Bel}, J. and {Bellagamba}, F. and {Bella}, M. and {Bellini}, E. and {Benabed}, K. and {Bender}, R. and {Benevento}, G. and {Bennett}, C.~L. and {Benson}, K. and {Bergamini}, P. and {Bermejo-Climent}, J.~R. and {Bernardeau}, F. and {Bertacca}, D. and {Berthe}, M. and {Berthier}, J. and {Bethermin}, M. and {Beutler}, F. and {Bevillon}, C. and {Bhargava}, S. and {Bhatawdekar}, R. and {Bianchi}, D. and {Bisigello}, L. and {Biviano}, A. and {Blake}, R.~P. and {Blanchard}, A. and {Blazek}, J. and {Blot}, L. and {Bosco}, A. and {Bodendorf}, C. and {Boenke}, T. and {B{\"o}hringer}, H. and {Boldrini}, P. and {Bolzonella}, M. and {Bonchi}, A. and {Bonici}, M. and {Bonino}, D. and {Bonino}, L. and {Bonvin}, C. and {Bon}, W. and {Booth}, J.~T. and {Borgani}, S. and {Borlaff}, A.~S. and {Borsato}, E. and {Bose}, B. and {Botticella}, M.~T. and {Boucaud}, A. and {Bouche}, F. and {Boucher}, J.~S. and {Boutigny}, D. and {Bouvard}, T. and {Bouwens}, R. and {Bouy}, H. and {Bowler}, R.~A.~A. and {Bozza}, V. and {Bozzo}, E. and {Branchini}, E. and {Brando}, G. and {Brau-Nogue}, S. and {Brekke}, P. and {Bremer}, M.~N. and {Brescia}, M. and {Breton}, M. -A. and {Brinchmann}, J. and {Brinckmann}, T. and {Brockley-Blatt}, C. and {Brodwin}, M. and {Brouard}, L. and {Brown}, M.~L. and {Bruton}, S. and {Bucko}, J. and {Buddelmeijer}, H. and {Buenadicha}, G. and {Buitrago}, F. and {Burger}, P. and {Burigana}, C. and {Busillo}, V. and {Busonero}, D. and {Cabanac}, R. and {Cabayol-Garcia}, L. and {Cagliari}, M.~S. and {Caillat}, A. and {Caillat}, L. and {Calabrese}, M. and {Calabro}, A. and {Calderone}, G. and {Calura}, F. and {Camacho Quevedo}, B. and {Camera}, S. and {Campos}, L. and {Ca{\~n}as-Herrera}, G. and {Candini}, G.~P. and {Cantiello}, M. and {Capobianco}, V. and {Cappellaro}, E. and {Cappelluti}, N. and {Cappi}, A. and {Caputi}, K.~I. and {Cara}, C. and {Carbone}, C. and {Cardone}, V.~F. and {Carella}, E. and {Carlberg}, R.~G. and {Carle}, M. and {Carminati}, L. and {Caro}, F. and {Carrasco}, J.~M. and {Carretero}, J. and {Carrilho}, P. and {Carron Duque}, J. and {Carry}, B.},
        title = "{Euclid: I. Overview of the Euclid mission}",
      journal = {\aap},
     keywords = {instrumentation: detectors, instrumentation: spectrographs, space vehicles: instruments, telescopes, surveys, cosmology: observations, Cosmology and Nongalactic Astrophysics, Astrophysics of Galaxies, Instrumentation and Methods for Astrophysics},
         year = 2025,
        month = may,
       volume = {697},
          eid = {A1},
        pages = {A1},
          doi = {10.1051/0004-6361/202450810},
archivePrefix = {arXiv},
       eprint = {2405.13491},
 primaryClass = {astro-ph.CO},
       adsurl = {https://ui.adsabs.harvard.edu/abs/2025A&A...697A...1E},
      adsnote = {Provided by the SAO/NASA Astrophysics Data System}
}

@article{Abbott_2022,
   title={Dark Energy Survey Year 3 results: Cosmological constraints from galaxy clustering and weak lensing},
   volume={105},
   ISSN={2470-0029},
   url={http://dx.doi.org/10.1103/PhysRevD.105.023520},
   DOI={10.1103/physrevd.105.023520},
   number={2},
   journal={Physical Review D},
   publisher={American Physical Society (APS)},
   author={Abbott, T. M. C. and Aguena, M. and Alarcon, A. and Allam, S. and Alves, O. and Amon, A. and Andrade-Oliveira, F. and Annis, J. and Avila, S. and Bacon, D. and Baxter, E. and Bechtol, K. and Becker, M. R. and Bernstein, G. M. and Bhargava, S. and Birrer, S. and Blazek, J. and Brandao-Souza, A. and Bridle, S. L. and Brooks, D. and Buckley-Geer, E. and Burke, D. L. and Camacho, H. and Campos, A. and Carnero Rosell, A. and Carrasco Kind, M. and Carretero, J. and Castander, F. J. and Cawthon, R. and Chang, C. and Chen, A. and Chen, R. and Choi, A. and Conselice, C. and Cordero, J. and Costanzi, M. and Crocce, M. and da Costa, L. N. and da Silva Pereira, M. E. and Davis, C. and Davis, T. M. and De Vicente, J. and DeRose, J. and Desai, S. and Di Valentino, E. and Diehl, H. T. and Dietrich, J. P. and Dodelson, S. and Doel, P. and Doux, C. and Drlica-Wagner, A. and Eckert, K. and Eifler, T. F. and Elsner, F. and Elvin-Poole, J. and Everett, S. and Evrard, A. E. and Fang, X. and Farahi, A. and Fernandez, E. and Ferrero, I. and Ferté, A. and Fosalba, P. and Friedrich, O. and Frieman, J. and García-Bellido, J. and Gatti, M. and Gaztanaga, E. and Gerdes, D. W. and Giannantonio, T. and Giannini, G. and Gruen, D. and Gruendl, R. A. and Gschwend, J. and Gutierrez, G. and Harrison, I. and Hartley, W. G. and Herner, K. and Hinton, S. R. and Hollowood, D. L. and Honscheid, K. and Hoyle, B. and Huff, E. M. and Huterer, D. and Jain, B. and James, D. J. and Jarvis, M. and Jeffrey, N. and Jeltema, T. and Kovacs, A. and Krause, E. and Kron, R. and Kuehn, K. and Kuropatkin, N. and Lahav, O. and Leget, P.-F. and Lemos, P. and Liddle, A. R. and Lidman, C. and Lima, M. and Lin, H. and MacCrann, N. and Maia, M. A. G. and Marshall, J. L. and Martini, P. and McCullough, J. and Melchior, P. and Mena-Fernández, J. and Menanteau, F. and Miquel, R. and Mohr, J. J. and Morgan, R. and Muir, J. and Myles, J. and Nadathur, S. and Navarro-Alsina, A. and Nichol, R. C. and Ogando, R. L. C. and Omori, Y. and Palmese, A. and Pandey, S. and Park, Y. and Paz-Chinchón, F. and Petravick, D. and Pieres, A. and Plazas Malagón, A. A. and Porredon, A. and Prat, J. and Raveri, M. and Rodriguez-Monroy, M. and Rollins, R. P. and Romer, A. K. and Roodman, A. and Rosenfeld, R. and Ross, A. J. and Rykoff, E. S. and Samuroff, S. and Sánchez, C. and Sanchez, E. and Sanchez, J. and Sanchez Cid, D. and Scarpine, V. and Schubnell, M. and Scolnic, D. and Secco, L. F. and Serrano, S. and Sevilla-Noarbe, I. and Sheldon, E. and Shin, T. and Smith, M. and Soares-Santos, M. and Suchyta, E. and Swanson, M. E. C. and Tabbutt, M. and Tarle, G. and Thomas, D. and To, C. and Troja, A. and Troxel, M. A. and Tucker, D. L. and Tutusaus, I. and Varga, T. N. and Walker, A. R. and Weaverdyck, N. and Wechsler, R. and Weller, J. and Yanny, B. and Yin, B. and Zhang, Y. and Zuntz, J.},
   year={2022},
   month=jan }

@article{Diego_Blas_2011,
   title={The Cosmic Linear Anisotropy Solving System (CLASS).
 Part II: Approximation schemes},
   volume={2011},
   ISSN={1475-7516},
   url={http://dx.doi.org/10.1088/1475-7516/2011/07/034},
   DOI={10.1088/1475-7516/2011/07/034},
   number={07},
   journal={Journal of Cosmology and Astroparticle Physics},
   publisher={IOP Publishing},
   author={Diego Blas and Julien Lesgourgues and Thomas Tram},
   year={2011},
   month=jul, pages={034–034} }


@article{Ruiz_Zapatero_2024,
   title={LimberJack.jl: auto-differentiable methods for angular power spectra analyses},
   volume={7},
   ISSN={2565-6120},
   url={http://dx.doi.org/10.21105/astro.2310.08306},
   DOI={10.21105/astro.2310.08306},
   journal={The Open Journal of Astrophysics},
   publisher={Maynooth University},
   author={Ruiz-Zapatero, Jaime and Alonso, David and García-García, Carlos and Nicola, Andrina and Mootoovaloo, Arrykrishna and Sullivan, Jamie M. and Bonici, Marco and Ferreira, Pedro G.},
   year={2024},
   month=feb }

@article{Bonici_2024_capse,
   title={Capse.jl: efficient and auto-differentiable CMB power spectra emulation},
   volume={7},
   ISSN={2565-6120},
   url={http://dx.doi.org/10.21105/astro.2307.14339},
   DOI={10.21105/astro.2307.14339},
   journal={The Open Journal of Astrophysics},
   publisher={Maynooth University},
   author={Bonici, Marco and Baxter, Eric and Bianchini, Federico and Ruiz-Zapatero, Jaime},
   year={2024},
   month=jan }

@article{Mootoovaloo_2020,
   title={Parameter inference for weak lensing using Gaussian Processes and MOPED},
   volume={497},
   ISSN={1365-2966},
   url={http://dx.doi.org/10.1093/mnras/staa2102},
   DOI={10.1093/mnras/staa2102},
   number={2},
   journal={Monthly Notices of the Royal Astronomical Society},
   publisher={Oxford University Press (OUP)},
   author={Mootoovaloo, Arrykrishna and Heavens, Alan F and Jaffe, Andrew H and Leclercq, Florent},
   year={2020},
   month=jul, pages={2213–2226} }

@article{Porqueres_2021,
   title={Bayesian forward modelling of cosmic shear data},
   volume={502},
   ISSN={1365-2966},
   url={http://dx.doi.org/10.1093/mnras/stab204},
   DOI={10.1093/mnras/stab204},
   number={2},
   journal={Monthly Notices of the Royal Astronomical Society},
   publisher={Oxford University Press (OUP)},
   author={Porqueres, Natalia and Heavens, Alan and Mortlock, Daniel and Lavaux, Guilhem},
   year={2021},
   month=jan, pages={3035–3044} }

@article{Porqueres_2021_b,
   title={Lifting weak lensing degeneracies with a field-based likelihood},
   volume={509},
   ISSN={1365-2966},
   url={http://dx.doi.org/10.1093/mnras/stab3234},
   DOI={10.1093/mnras/stab3234},
   number={3},
   journal={Monthly Notices of the Royal Astronomical Society},
   publisher={Oxford University Press (OUP)},
   author={Porqueres, Natalia and Heavens, Alan and Mortlock, Daniel and Lavaux, Guilhem},
   year={2021},
   month=nov, pages={3194–3202} }

@misc{spuriomancini2024fieldlevelcosmologicalmodelselection,
      title={Field-level cosmological model selection: field-level simulation-based inference for Stage IV cosmic shear can distinguish dynamical dark energy}, 
      author={Spurio Mancini, A. and Lin, K. and McEwen, J.D.},
      year={2024},
      eprint={2410.10616},
      archivePrefix={arXiv},
      primaryClass={astro-ph.CO},
      url={https://arxiv.org/abs/2410.10616}, 
}

@article{Jasche_2013,
   title={Bayesian physical reconstruction of initial conditions from large-scale structure surveys},
   volume={432},
   ISSN={1365-2966},
   url={http://dx.doi.org/10.1093/mnras/stt449},
   DOI={10.1093/mnras/stt449},
   number={2},
   journal={Monthly Notices of the Royal Astronomical Society},
   publisher={Oxford University Press (OUP)},
   author={Jasche, Jens and Wandelt, Benjamin D.},
   year={2013},
   month=apr, pages={894–913} }


@misc{babic2025straighteningrulerfieldlevelinference,
      title={Straightening the Ruler: Field-Level Inference of the BAO Scale with LEFTfield}, 
      author={Ivana Babić and Fabian Schmidt and Beatriz Tucci},
      year={2025},
      eprint={2407.01524},
      archivePrefix={arXiv},
      primaryClass={astro-ph.CO},
      url={https://arxiv.org/abs/2407.01524}, 
}

@article{Lanzieri_2025,
   title={Optimal neural summarization for full-field weak lensing cosmological implicit inference},
   volume={697},
   ISSN={1432-0746},
   url={http://dx.doi.org/10.1051/0004-6361/202451535},
   DOI={10.1051/0004-6361/202451535},
   journal={Astronomy \&; Astrophysics},
   publisher={EDP Sciences},
   author={Lanzieri, Denise and Zeghal, Justine and Lucas Makinen, T. and Boucaud, Alexandre and Starck, Jean-Luc and Lanusse, François},
   year={2025},
   month=may, pages={A162} }
